5375 6667
481 1131 524 1212 Ρ.
541 1158 626 1211 210.

922 623 1187 709 vnnrn
1245 625 1741 722 nrrrrnnrrm,
1789 637 1857 712 nc.
2225 665 2298 752 η,

794 827 888 904 diem
917 829 1070 930 ejusdem
1098 828 1229 921 mmm,
1252 849 1403 928 utroque
1432 829 1562 928 comp',
1600 851 1666 924 per
1698 855 1742 926 ¹9
1770 833 1860 924 dier,
1894 835 1980 911 cuin
2059 840 2086 914 1.
2135 829 2167 917 ἲ.
2228 843 2265 919 d.

796 930 915 1046 magro
947 949 983 1006 et
1023 928 1132 1006 const’
1157 953 1224 1029 per
1256 930 1349 1006 diem
1393 931 1470 1028 9d.
1509 951 1545 1005 et
1568 929 1655 1006 miit
1686 931 1746 1006 alii
1779 955 1883 1012 naute
1912 951 1981 1034 per

793 1031 995 1222 doethhgffni
1024 1129 1180 1219 Hurein,
1218 1129 1343 1229 magro
1373 1128 1501 1224 Bargie
1537 1127 1650 1202 Sanni
1678 1128 1759 1228 ,ὅρι’
1788 1133 1833 1207 de
1864 1125 1978 1224 send·
2036 1059 2084 1131 24
2137 1037 2181 1113 ¹8
2232 1065 2254 1138 9

792 1226 893 1316 wico,
922 1227 1018 1306 miffo
1040 1229 1076 1302 in
1100 1229 1307 1302 Hiberniam
1337 1251 1417 1301 cum
1443 1227 1563 1324 literis,
1585 1250 1652 1324 pro
1675 1227 1885 1304 ristuniibur
1912 1232 1979 1320 ibi·

790 1326 869 1400 dem
885 1327 1055 1423 querend’
1069 1350 1135 1426 pro
1158 1326 1284 1423 expen’
1309 1325 1456 1424 hospicii
1474 1327 1578 1420 Regis
1605 1346 1641 1401 et
1668 1330 1841 1404 exercitur
1866 1330 1917 1404 sui
1941 1329 1976 1405 in

745 1463 747 1468 ·
789 1447 913 1520 guerra
929 1427 1054 1501 Scocie
1070 1449 1162 1503 anno
1186 1425 1350 1522 presenti,
1375 1449 1440 1522 pro
1455 1428 1562 1500 radiis
1585 1425 1653 1498 suis
1679 1447 1714 1500 et
1742 1447 1788 1522 35
1807 1431 1976 1504 sociorum

790 1524 929 1599 suorum
960 1547 1143 1599 nautarum
1169 1526 1318 1624 ejusdem
1345 1525 1485 1623 Bargie,
1520 1551 1540 1598 a
1569 1552 1616 1621 24
1646 1525 1705 1598 die
1738 1526 1823 1618 J-uiii
1863 1532 1975 1621 ‚usque

786 1624 946 1697 ultimum
967 1626 1057 1699 diem
1084 1623 1239 1722 ejusdem
1265 1623 1398 1713 menfis,
1422 1645 1572 1720 utroque
1599 1628 1728 1718 comp',
1755 1630 1855 1719 perii
1884 1627 1973 1718 dier,

789 1721 865 1892 {ipso
882 1725 1003 1820 magro
1025 1721 1161 1821 percip’
1190 1745 1253 1820 per
1271 1724 1365 1798 diem
1392 1723 1464 1798 bd.
1479 1743 1513 1797 et
1529 1723 1690 1820 quolibet
1705 1721 1775 1798 alio
1790 1745 1896 1798 nauta
1912 1747 1973 1822 per

814 1821 878 1893 iem
925 1824 961 1895 d.
2134 1843 2147 1892 1
2227 1845 2253 1896 ο

837 1843 931 1993 Ri530
962 1923 1007 1994 de
1038 1918 1214 2012 Eselweil,
1256 1922 1380 2022 magno
1420 1923 1616 2020 narisque
1648 1939 1796 1996 vocatur
1829 1921 1863 1996 la
1895 1925 1972 1995 An·
2056 1843 2076 1917 3
2153 1846 2179 1914 4

787 2035 880 2107 nete,
923 2043 989 2115 pro
1021 2021 1127 2093 radiis
1160 2021 1227 2096 suis
1259 2037 1293 2091 et
1328 2019 1550 2096 diociorum
1587 2024 1741 2108 ¹suorum,
1778 2043 1844 2116 per
1883 2021 1976 2106 idem

788 2137 1000 2322 tenpdsslrsrrico
1033 2219 1077 2292 de
1112 2213 1352 2316 Crokferguz,
1394 2241 1517 2316 magro
1557 2215 1737 2317 cujusdam
1779 2215 1899 2329 bargie
1931 2217 1975 2292 de
2054 2134 2080 2187 0
2133 2112 2179 2188 16
2227 2138 2253 2191 0

788 2311 1013 2412 Grokferguz
1030 2337 1167 2390 retento
1189 2318 1303 2411 primo
1320 2318 1366 2391 ad
1380 2319 1483 2392 radia
1500 2317 1607 2414 Regis
1626 2339 1670 2390 21
1689 2317 1750 2388 die
1775 2317 1858 2408 Juirr
1876 2320 1972 2412 apud

787 2409 1035 2507 Kirkudbrith‚
1061 2439 1127 2512 pro
1143 2415 1250 2489 radiis
1267 2414 1334 2488 suin
1350 2435 1385 2489 er
1404 2437 1424 2512 7
1453 2414 1619 2488 sociorum
1637 2414 1775 2487 suorum
1793 2431 1973 2488 nautarum

788 2510 942 2609 ejusdem
960 2515 1079 2609 bargie
1101 2539 1122 2588 a
1141 2514 1195 2586 die
1212 2512 1273 2586 iilo
1290 2511 1399 2609 usque
1422 2514 1616 2612 primodie
1633 2510 1796 2610 Augusti,
1822 2529 1975 2608 utroque

787 2607 914 2704 comp’,
939 2633 1064 2706 perrr
1086 2614 1162 2685 dier
2060 2618 2077 2674 1
2153 2622 2181 2694 4
2228 2623 2254 2703 9

837 2706 930 2782 Κὶὄο
960 2710 1005 2784 de
1043 2711 1198 2806 Geyton,
1241 2709 1365 2808 magro
1403 2708 1497 2782 narie
1529 2731 1598 2804 que
1640 2727 1785 2786 vocatur
1826 2705 1861 2782 la
1902 2705 1972 2780 Ni·

786 2805 902 2882 enolae
931 2809 976 2881 de
1003 2805 1157 2904 Geyton,
1191 2809 1330 2881 ducenti
1358 2809 1396 2880 in
1423 2809 1543 2880 eadem
1568 2806 1648 2878 nari
1676 2805 1735 2878 sua
1763 2827 1811 2880 no
1833 2807 1971 2881 careos’

789 2907 894 2978 boum
911 2907 1021 3003 usque
1037 2907 1265 2994 Krrlaverok,
1280 2929 1347 3002 pro
1367 2905 1612 2980 sustentacione
1633 2903 1810 2978 hominnm
1837 2927 1971 2980 moran·

786 3004 879 3078 cium
904 3005 939 3078 in
965 3005 1160 3082 municione
1184 3005 1282 3079 castri
1307 3005 1352 3078 de
1379 3001 1548 3092 Dunfrer,
1574 3027 1641 3098 pro
1667 3003 1777 3078 vadiis
1805 3001 1871 3076 suis
1888 3023 1964 3101 et5

786 3102 951 3272 {reiorum
980 3103 1119 3180 suorum
1149 3121 1331 3178 nautarum
1360 3101 1513 3201 ejusdem
1543 3101 1640 3176 narie
1668 3123 1731 3197 per
1763 3101 1977 3198 supraemos.

827 3202 899 3276 dies
2049 3203 2074 3254 ⁰
2129 3205 2174 3277 14
2221 3207 2246 3260 0

834 3298 975 3390 Eidem,
1001 3324 1068 3396 pro
1096 3301 1207 3375 vadii·
1233 3301 1338 3374 unius
1357 3297 1553 3374 Lodmanni
1580 3295 1739 3384 condudi
1756 3321 1822 3396 pro
1848 3294 1987 3392 eadem¹

786 3398 862 3471 navi
880 3399 1032 3496 guianda
1059 3400 1147 3474 inter
1176 3397 1430 3474 Kirkcudbritb
1453 3415 1491 3474 et
1525 3397 1751 3487 Karleremk,
1785 3396 1971 3495 peridem
2050 3497 2076 3552 0

783 3514 849 3570 tem
876 3511 917 3572 de
2150 3501 2173 3554 2
2221 3506 2249 3558 0

834 3519 917 3689 Jlgffi
943 3598 987 3673 de
1011 3595 1242 3686 Skirmesour,
1268 3619 1334 3693 pro
1352 3596 1462 3670 vadiis
1492 3592 1558 3667 suis
1589 3613 1623 3667 et
1645 3591 1692 3666 26
1710 3591 1876 3672 sociorum
1893 3595 1970 3672 suo·

754 3715 876 3858 Ιτιιω,
900 3718 987 3790 ²24
1001 3697 1057 3772 die
1079 3696 1162 3790 Juiii
1189 3695 1300 3794 usque
1324 3694 1455 3770 6diem
1477 3689 1642 3795 Augusti,
1667 3711 1816 3792 utroque
1839 3693 1970 3793 comp’,
2024 3757 2032 3768 ,
2148 3773 2169 3848 8

834 3817 850 3864 r
957 3798 965 3814 '
2127 3796 2140 3845 1
2219 3797 2244 3850 0

754 3798 1203 4020 lpesissiogioeffingesman,
1229 3890 1353 4061 ωιῗπο
1377 3892 1422 3966 de
1439 3894 1473 3964 la
1488 3887 1696 3986 Margarete
1711 3892 1755 3965 de
1776 3893 1969 3981 Kiharene,
2046 3793 2074 3867 4

786 3989 931 4064 carianti
960 3993 994 4064 in
1022 3992 1142 4065 eadem
1176 3992 1253 4064 nari
1297 4014 1342 4064 ua
1372 4011 1421 4086 30
1453 3989 1602 4084 quarter'
1630 3991 1791 4063 frumenti
1820 3991 1865 4062 de
1894 3991 1971 4066 Kit-

755 4027 972 4184 'cudbright
1005 4088 1115 4185 usque
1147 4091 1299 4162 Dublin'
1328 4089 1371 4162 ad
1401 4086 1550 4161 moiend’
1583 4088 1712 4162 ibidem
1746 4109 1783 4161 et
1817 4088 1971 4164 cariand'

785 4185 892 4282 usque
908 4192 983 4262 Are
1009 4191 1052 4261 ad
1078 4189 1269 4262 exercitum
1285 4187 1395 4282 Regii
1413 4185 1553 4275 ibidem,
1578 4208 1643 4279 pro
1659 4186 1765 4259 vadiis
1782 4185 1848 4259 iuis
1865 4205 1902 4260 et
1924 4209 1968 4260 ια

786 4284 955 4361 sociorum
982 4289 1115 4362 suorum
1145 4307 1321 4359 nautarum
1349 4287 1502 4384 ejusdem
1526 4287 1622 4358 naris
1648 4309 1671 4358 a
1699 4285 1797 4358 rdie
1816 4283 1968 4380 Augusti

784 4385 895 4480 usque
917 4411 930 4459 r
938 4409 956 4480 5
979 4387 1070 4459 diem
1087 4383 1238 4480 ejusdem
1255 4385 1383 4472 mensis,
1409 4407 1557 4480 utroque
1574 4383 1700 4481 comp’,
1726 4408 1788 4480 per
1811 4407 1823 4458 r
1831 4385 1943 4480 §dier
2050 4393 2069 4442 2
2147 4395 2169 4460 9
2220 4395 2245 4444 θ

836 4484 970 4570 Eidem,
997 4509 1063 4579 pro
1081 4486 1341 4580 Lodmannagio
1357 4481 1502 4576 ejusdem
1520 4484 1615 4556 navis
2044 4489 2069 4540 0
2145 4469 2168 4542 6
2219 4471 2241 4545 8

832 4583 1058 4679 Weymundo
1089 4583 1230 4678 Gegge,
1267 4582 1388 4678 magro
1416 4583 1460 4653 de
1499 4582 1533 4652 la
1565 4582 1724 4672 Sauveye
1752 4583 1796 4654 de
1823 4581 1964 4675 Tenge·

786 4681 896 4765 muth,
931 4683 1072 4754 carianti
1107 4683 1142 4752 in
1177 4683 1294 4754 eadem
1330 4678 1407 4752 nari
1443 4702 1508 4778 ¹43
1537 4681 1690 4774 quarter'
1725 4678 1890 4752 frumenti
1921 4681 1964 4751 de

787 4779 1009 4852 Kircudbrith
1041 4781 1148 4872 usque
1182 4784 1215 4851 ia
1246 4778 1487 4850 Whithavene
1520 4781 1562 4848 ad
1598 4779 1748 4851 moiend’
1775 4778 1902 4850 ibidem
1929 4798 1964 4848 et

784 4879 933 4950 cariand'
962 4875 1071 4972 usque
1093 4885 1166 4949 Are
1195 4879 1236 4948 ad
1266 4878 1454 4949 exercitum
1474 4876 1581 4970 Regis
1606 4876 1748 4966 ibidem,
1773 4899 1839 4968 pro
1861 4877 1968 4949 radiis

787 4977 851 5048 suis
878 4997 911 5047 et
941 5005 962 5074 9
982 4976 1150 5048 sociorum
1178 4975 1317 5048 suorum
1346 4993 1525 5046 nautarum
1541 4971 1690 5064 ejusdem
1707 4979 1813 5059 navis,
1832 5000 1853 5046 a
1872 4997 1892 5070 5
1910 4976 1967 5048 die

787 5077 936 5168 Augusti
954 5075 1059 5170 ui‘que
1079 5097 1127 5164 r4
1143 5074 1233 5146 diem
1250 5071 1404 5174 ejusdem
1421 5071 1557 5162 menfis‚
1581 5095 1732 5170 utroque
1749 5073 1875 5170 comp’,
1903 5097 1966 5171 per
2218 5167 2240 5238 6

790 5195 834 5245 ιο
850 5173 920 5244 dics
2048 5192 2064 5241 r
2145 5187 2164 5265 7

833 5269 978 5360 Johanni
1000 5274 1110 5356 Horn,
1136 5270 1256 5368 magro
1272 5272 1313 5344 de
1331 5270 1364 5342 la
1378 5270 1529 5346 Mariote
1555 5272 1597 5345 de
1613 5269 1801 5368 Drogheda
1819 5266 1963 5342 carianti

781 5369 899 5442 eodem
926 5373 1026 5442 modo
1044 5365 1251 5443 frumentum
1275 5369 1386 5465 usque
1407 5369 1665 5468 Wirkyngton,
1691 5393 1755 5466 pro
1772 5365 1879 5441 radiis
1895 5366 1961 5439 suis

782 5485 815 5540 et
845 5485 865 5562 5
896 5465 1059 5544 sociorum
1087 5469 1225 5546 suorum
1252 5488 1434 5542 nautarum
1459 5467 1612 5568 ejusdem
1639 5467 1746 5559 naris,
1775 5489 1836 5563 per
1869 5463 1962 5540 idem

785 5585 917 5662 tempus
2043 5588 2068 5637 0
2123 5585 2165 5664 ¹7
2219 5563 2240 5638 6

1322 5659 1370 5736 Μ
1395 5685 1429 5740 m
1823 5663 1966 5742 Andree
