5375 6667
771 526 1184 670 ssetssrs
1242 585 1772 680 austerorum,
1821 591 1885 666 ac.

810 791 938 867 Tercio
952 791 1124 880 dieDee',
1146 789 1230 884 Jotri
1246 789 1375 878 Piacle,
1395 790 1501 865 defer’
1518 790 1630 864 literas
1645 790 1748 885 Regis
1765 792 1827 865 sub
1845 814 1939 887 mag·

758 917 804 966 no
830 893 940 987 sigillo
965 894 1117 990 ejusdem
1135 890 1252 984 Regis,
1279 890 1430 964 Domino
1453 891 1608 962 Guidoni
1629 891 1732 962 Ferre
1761 891 1829 964 sen’
1853 892 1935 962 Vas-

756 992 845 1076 eon’,
881 992 917 1063 in
947 991 1109 1077 Vascon',
1146 1014 1213 1085 pro
1246 993 1372 1085 expen’
1405 988 1533 1086 pallag'
1564 988 1629 1062 suis
1664 991 1779 1062 eundo
1810 1007 1846 1064 et
1883 1015 1936 1063 re·

698 1089 717 1124 ²
751 1091 891 1163 deundo

802 1189 896 1279 4die
909 1188 1011 1273 Dec',
1026 1186 1140 1258 Willo
1153 1189 1196 1258 de
1211 1185 1398 1272 Ledebur',
1412 1187 1554 1275 nuncio,
1572 1186 1681 1260 (Μετ’
1700 1186 1813 1258 literas
1832 1188 1935 1283 Regis

755 1283 817 1359 sub
832 1311 957 1381 magno
974 1285 1085 1380 figillo
1108 1285 1172 1357 vic'
1190 1287 1307 1382 Salop’
1333 1306 1367 1358 et
1386 1282 1544 1371 Stafford,
1564 1286 1686 1381 Justic'
1712 1286 1834 1374 Cestr’,
1852 1287 1934 1381 Jolii

752 1386 795 1458 de
825 1385 1016 1477 Havering‚
1045 1384 1163 1476 Jrrllic'
1192 1383 1403 1457 Norrlrwall’
1435 1405 1468 1455 et
1501 1390 1657 1459 ll'altero
1687 1390 1729 1458 de
1760 1385 1930 1458 Pederton

754 1482 869 1575 Justic'
887 1484 1081 1557 Westwall'

804 1580 1342 1673 6dieDec',liobertoBuffard,
1362 1581 1473 1654 (Μετ’
1494 1585 1607 1656 literas
1626 1583 1731 1676 Regis
1750 1582 1811 1653 sub
1830 1583 1937 1674 sigillo

754 1682 796 1752 de
824 1682 1009 1769 scaccario,
1039 1681 1123 1752 Drio
1141 1681 1303 1753 Waltero
1332 1683 1375 1750 dc
1393 1681 1523 1754 Gloue'
1539 1683 1695 1755 escacrori
1714 1683 1824 1773 Regis
1852 1684 1938 1752 citra

754 1782 934 1869 Trentam,
950 1800 984 1852 et
1002 1782 1066 1854 sic’
1085 1781 1249 1852 Cantebr'
1264 1803 1297 1853 et
1311 1781 1440 1869 Hunt',
1464 1805 1527 1876 pro
1545 1779 1672 1876 expen'
1688 1782 1753 1853 suis
1772 1783 1885 1853 eumlo
1903 1799 1939 1853 et

755 1881 930 1952 redeundo

725 1928 734 2085 Ι
805 2002 852 2050 20
884 1978 940 2050 die
962 1975 1068 2062 Nov’,
1100 1975 1209 2050 Willo
1227 1979 1269 2048 de
1287 1977 1483 2065 Ledebury‚
1510 1979 1646 2065 nuncio,
1677 1977 1786 2050 defer’
1814 1980 1933 2050 literas

754 2074 877 2172 Regis,
895 2075 979 2149 Deo
995 2076 1078 2167 Johi
1090 2079 1132 2149 de
1153 2080 1330 2170 Langeton
1356 2080 1513 2162 cancell’,
1536 2100 1570 2150 et
1587 2079 1668 2149 Deo
1684 2080 1746 2145 W.
1765 2078 1936 2150 Coverrtr'

724 2094 734 2314 Ι
755 2175 919 2268 etLych'
938 2176 1027 2269 Epo,
1045 2176 1189 2248 Domini
1206 2176 1315 2273 Regis
1333 2176 1432 2246 Ther
1437 2177 1458 2260 ³,
1478 2201 1545 2271 pro
1563 2177 1707 2270 expenl'
1724 2176 1789 2248 suis

809 2276 852 2343 16
869 2273 927 2347 die
944 2274 1047 2360 Dec’,
1066 2273 1206 2348 Thome
1221 2279 1265 2347 de
1289 2274 1436 2367 Wyght,
1459 2274 1552 2358 cok',
1571 2275 1677 2347 (Μετ’
1698 2275 1811 2347 literas
1829 2274 1937 2368 Regis

723 2322 818 2476 lsub
848 2395 972 2467 magno
1000 2372 1111 2465 figillo
1139 2374 1266 2446 clausas
1296 2375 1362 2444 ric’
1390 2373 1577 2459 Lancastr',
1604 2398 1668 2469 pro
1697 2374 1843 2469 expens’
1871 2375 1938 2446 suis

755 2472 870 2543 eundo
887 2491 921 2543 et
937 2472 1115 2543 redeundo
1673 2487 1676 2492 ·

754 2589 858 2739 waicli
881 2572 951 2740 lilii
966 2568 1833 2762 Iliifvgiirmilertliz'uniiyiielmeourilleeiiinllilirrliliirlroliuilili
1857 2569 1936 2741 lirin

756 2766 862 2837 literis
892 2768 964 2838 Diri
994 2764 1074 2857 Joh’
1092 2769 1136 2839 de
1165 2765 1448 2851 Drolrenesford,
1479 2789 1544 2862 pro
1571 2766 1712 2862 expens'
1729 2767 1794 2839 iuis
1812 2767 1854 2839 fic
1885 2791 1936 2836 re·

755 2865 894 2937 deundo

808 2972 851 3034 16
869 2965 924 3035 die
946 2963 1145 3051 Decembr',
1170 2962 1339 3035 Nicholas
1363 2964 1533 3060 Ramage,
1560 2962 1670 3036 defer'
1698 2965 1815 3037 literas
1832 2963 1938 3061 Regis

754 3059 817 3133 sub
834 3086 958 3153 magno
971 3061 1080 3156 figillo
1095 3061 1223 3135 clausas
1234 3061 1386 3136 Domino
1403 3061 1637 3157 JoliiWogan
1649 3063 1766 3155 Juliic'
1778 3064 1938 3155 Hybern'

584 3246 586 3249 ,
753 3162 807 3231 vel
827 3162 937 3233 locum
955 3164 1049 3234 suum
1067 3162 1209 3245 tenenti,
1236 3186 1302 3255 pro
1321 3159 1463 3257 expens'
1483 3162 1550 3232 suis
1573 3164 1688 3233 eundo
1711 3185 1791 3234 curn
1816 3185 1938 3258 magna

725 3217 733 3368 Ι
755 3257 972 3332 festinacione
992 3281 1026 3333 et
1044 3285 1109 3354 pro
1127 3259 1275 3356 passigio
1293 3260 1355 3334 suo

805 3359 944 3447 Eidem,
977 3384 1043 3454 pro
1068 3360 1189 3451 expen’
1213 3358 1278 3431 suis
1309 3360 1472 3432 etunius
1499 3358 1722 3456 exploratoris
1747 3358 1938 3433 constabul'

756 3458 854 3528 castr’
871 3460 914 3529 de
933 3458 1173 3552 liolreiburglr‚
1191 3460 1346 3529 venienti
1365 3460 1409 3528 ad
1424 3461 1560 3555 Regem
1585 3460 1629 3531 de
1647 3461 1803 3554 partibus
1824 3459 1937 3531 Scotie

756 3580 789 3628 et
808 3556 959 3628 morand'
971 3578 1071 3629 extra
1089 3558 1161 3629 cur'
1172 3580 1234 3655 per
1248 3559 1407 3652 quinque
1424 3559 1508 3646 dies,
1528 3580 1589 3651 per
1602 3577 1805 3653 preceptum
1819 3558 1938 3653 Regis,

755 3656 925 3750 proditio
949 3661 1132 3750 explorato
1160 3655 1308 3727 eifiando

805 3756 934 3824 Eodem
953 3756 1020 3840 die,
1045 3754 1237 3842 Crouland,
1260 3752 1352 3841 colr',
1371 3754 1477 3828 (Μετ’
1504 3756 1618 3828 literas
1636 3753 1739 3851 Regis
1761 3755 1823 3828 sub
1842 3778 1936 3850 mag·

755 3876 799 3921 no
819 3853 929 3945 tigillo
948 3853 1075 3925 clausas
1092 3853 1159 3922 vic’
1178 3851 1390 3938 Westmerl'‚
1418 3877 1482 3947 pro
1504 3853 1628 3947 expen'
1645 3852 1710 3924 suis

804 3953 941 4022 Thome
971 3953 1014 4022 de
1031 3952 1177 4053 Qerle,
1204 3953 1346 4034 clerico,
1374 3975 1440 4046 pro
1466 3951 1583 4024 denar'
1599 3975 1660 4044 per
1685 3950 1795 4044 ipsum
1818 3948 1935 4024 solutis

725 3986 732 4143 Ι
756 4049 891 4121 diversrs
919 4050 1050 4121 nunciis
1079 4070 1112 4121 et
1140 4047 1221 4120 cok’
1237 4048 1347 4119 defer'
1378 4051 1493 4120 literas
1511 4049 1616 4142 Regis
1640 4053 1683 4120 ad
1714 4053 1789 4121 loca
1806 4049 1934 4122 diversa

725 4151 733 4298 Ι
755 4172 815 4240 ρετ
835 4147 925 4219 vices
944 4149 1031 4221 inter
1045 4172 1090 4220 22
1102 4147 1192 4221 diem
1207 4147 1401 4219 Novembr'
1419 4170 1454 4220 et
1472 4173 1513 4219 12
1526 4147 1822 4235 Decembr·',s1cut
1837 4168 1935 4244 patet

756 4271 816 4343 per
832 4247 947 4341 comp'
963 4248 1112 4345 ejusdem

809 4352 848 4415 18
884 4349 939 4418 die
968 4345 1162 4430 Decembr’,
1189 4344 1389 4439 Reginaldo
1425 4344 1457 4418 le
1485 4346 1644 4442 Waleys,
1676 4344 1789 4417 defer'
1818 4346 1932 4417 literas

754 4444 862 4539 Regis
875 4446 970 4515 fratri
983 4448 1130 4518 Willmo
1147 4445 1467 4541 deGeyneiburgh,
1479 4471 1543 4543 pro
1560 4447 1681 4541 expen’
1695 4446 1758 4517 suis
1770 4449 1881 4517 eundo
1900 4467 1935 4518 et

753 4547 931 4615 redeundo
1543 4585 1548 4594 ·

801 4641 935 4714 Eodem
968 4642 1038 4725 die,
1065 4640 1193 4736 Egidio
1225 4644 1270 4716 de
1301 4643 1510 4729 Rothewell,
1544 4643 1652 4714 (Μετ’
1681 4642 1793 4715 literas
1823 4640 1934 4738 Regis

753 4738 817 4809 sub
845 4764 970 4835 magno
998 4739 1107 4836 sigillo
1137 4742 1267 4815 clausas
1298 4743 1489 4818 vicecomiti
1507 4742 1668 4831 Cumbr',
1704 4766 1766 4839 pro
1808 4742 1934 4837 expen'

644 4838 1189 4938 .1fflwmmffimm

724 4943 732 5067 Ι
810 4961 852 5032 19
887 4939 943 5010 die
971 4938 1178 5020 Decembr’,
1206 4940 1401 5014 Godefrido
1436 4941 1561 5012 nuncio
1595 4938 1742 5035 Regiae,
1776 4941 1932 5014 redeunti

755 5039 799 5107 ad
817 5041 964 5108 eundem
983 5059 1061 5109 cum
1075 5038 1181 5109 literis
1193 5040 1317 5132 Regis,
1341 5065 1405 5133 pro
1421 5041 1545 5136 expen’
1561 5039 1624 5110 suis

806 5135 941 5208 Eodem
970 5136 1037 5221 die,
1063 5134 1154 5209 Rreo
1185 5137 1360 5233 Lespicer’
1387 5137 1540 5235 garcioni
1566 5137 1755 5211 Petronille
1778 5140 1824 5210 de
1851 5139 1934 5210 Cre·

757 5252 892 5326 tinges,
910 5233 1020 5307 defer’
1039 5234 1152 5308 literas
1172 5237 1273 5329 Regis
1289 5237 1415 5333 Cappo
1432 5236 1599 5334 Copenne
1619 5260 1653 5307 er
1668 5238 1787 5309 Taldo
1804 5238 1936 5330 Janiam

759 5332 936 5428 mercator'
962 5334 1006 5403 de
1034 5334 1187 5409 societate
1203 5336 1489 5411 Friscumbaldor'
1519 5337 1677 5410 London’
1705 5338 1932 5422 morantibus,

728 5393 739 5553 Ι
757 5451 821 5529 pro
838 5431 966 5528 expcn'
983 5430 1049 5506 luis

1355 5531 1441 5607 Nn
1820 5558 1862 5607 21
1883 5533 1938 5609 die

2184 595 2254 668 281

2017 795 2043 867 l.
2108 796 2139 867 ἓ.
2186 794 2227 867 d.

2015 1108 2212 1164 2100

2016 1921 2215 1996 070

2018 2215 2220 2267 010

2018 2511 2220 2587 030

2020 2890 2044 2940 Ο
