5375 6667
389 654 457 733 ηε
496 637 873 747 victurus,
900 624 1164 742 srn'uno,
1192 603 1628 743 cannis-runi,
1654 606 2061 738 cnsrnotuln}
2086 603 2154 724 sl.
2258 593 2264 604 ⁴

749 853 872 928 Petrus
890 849 1046 949 respond’
1065 852 1098 924 in
1117 859 1282 948 compoto
1297 849 1358 924 suo
1375 847 1418 923 de
1436 845 1547 923 ll'auro
1573 871 1639 946 per
1664 845 1775 944 ipsum
1801 863 1941 968 recepto
2004 843 2033 920 l.
2095 847 2126 920 i.
2193 843 2235 924 δ.

749 979 840 1027 anno
869 950 1104 1048 presenti-et
1138 955 1172 1026 in
1203 949 1400 1022 venditione
1434 947 1519 1022 fade
1553 973 1617 1048 per
1643 948 1806 1021 eundem·
1825 947 1941 1020 milui.-

741 1056 834 1141 bus,
859 1049 958 1140 lcut’,
986 1074 1019 1124 et
1043 1049 1116 1122 aliis
1139 1053 1183 1122 dc
1210 1047 1466 1122 municionibus
1493 1045 1681 1120 calltorum
1705 1043 1750 1121 d'e
1771 1041 1941 1119 uumfrer

752 1172 788 1224 et
822 1151 1064 1248 Loghmnban,
1109 1151 1197 1221 unde
1232 1149 1323 1222 idem
1350 1149 1499 1240 lacobus
1531 1167 1650 1220 onerat
1683 1143 1716 1219 se
1756 1145 1788 1219 in
1825 1141 1939 1242 comp'

752 1251 824 1334 suo,
856 1273 890 1323 et
920 1253 961 1321 de
995 1273 1144 1344 quorum
1180 1249 1295 1341 precio
1328 1247 1463 1344 garder’
1490 1265 1666 1334 oneratur,
1699 1267 1766 1340 133
1787 1243 1939 1339 quarter'

753 1349 846 1421 bras’
878 1350 1072 1426 moliti-ret
1107 1348 1141 1416 in
1176 1346 1380 1418 liberacione
1410 1345 1497 1417 falla
1523 1345 1606 1417 Diio
1631 1343 1711 1438 Joni
1745 1346 1790 1418 de
1816 1341 1939 1416 sanun

717 1412 728 1632 Ι
750 1446 841 1540 Jolie
859 1468 894 1520 et
910 1448 993 1521 Diio
1009 1447 1112 1520 Petro
1130 1447 1172 1514 de
1189 1443 1406 1539 Donewyco,
1430 1469 1490 1540 per
1507 1443 1583 1516 bill'
1599 1442 1750 1539 garder’,
1764 1465 1837 1538 que
1856 1464 1938 1515 ten·

749 1547 881 1618 duntur
906 1549 1045 1634 eisdem,
1074 1546 1169 1618 etde
1191 1570 1337 1637 quorum
1357 1546 1475 1636 precio
1500 1541 1640 1637 garder'
1668 1559 1844 1630 oneratur,
1867 1561 1937 1614 102

748 1644 902 1742 quarter'
934 1645 1114 1721 nial-et
1139 1645 1254 1736 comp'
1279 1645 1313 1716 in
1333 1640 1560 1720 submersione
1590 1644 1624 1716 in
1652 1641 1811 1715 domibus
1835 1639 1938 1734 Jollit

747 1745 832 1818 Peoe
867 1749 957 1842 apud
993 1742 1235 1834 Skymberness
1279 1769 1342 1839 per
1386 1743 1647 1815 inundacionem
1690 1763 1723 1814 et
1764 1739 1933 1814 insolitam

745 1844 975 1938 tempestatem
1020 1843 1121 1915 maris
1179 1865 1246 1938 170
1283 1842 1441 1940 quarter'
1484 1841 1690 1914 brnl'-et
1732 1839 1933 1912 venduntur

747 1945 857 2014 eidem
884 1943 969 2018 Dim
992 1944 1125 2034 Jacobo
1157 1941 1258 2037 super
1292 1942 1417 2035 comp',
1445 1942 1489 2014 de
1517 1963 1668 2035 quorum
1701 1940 1820 2033 precio
1853 1961 1933 2034 gar·

742 2044 817 2210 ἐπ’
835 2066 999 2118 oneratur
1014 2045 1050 2115 in
1067 2062 1207 2137 recepta
1225 2041 1305 2116 den'
1322 2042 1400 2114 anni
1418 2039 1527 2137 prel',
1545 2062 1588 2112 21
1610 2035 1763 2134 quartet’
1782 2036 1804 2108 6
1823 2037 1932 2110 bz.-·
1941 2046 1969 2248 p
1976 2073 2021 2150 53
2027 2074 2046 2147 5
2065 2058 2225 2151 quarter’

768 2166 884 2214 omma
2063 2156 2073 2184 ’

789 2241 833 2312 lit
852 2239 897 2313 stc
916 2239 994 2312 rem’
1013 2241 1048 2312 in
1079 2240 1211 2315 custod'
1228 2239 1310 2313 dieti
1340 2237 1481 2331 Jacobi,
1505 2240 1548 2312 de
1571 2235 1700 2338 quibus
1716 2235 1874 2334 respond'
1890 2234 1926 2310 in
1973 2157 2192 2350 727b3fimes2

740 2341 854 2430 comp'
872 2341 931 2411 suo
947 2339 1026 2410 anni
1045 2365 1090 2434 ²9
1935 2253 1993 2451 {6
2012 2352 2082 2426 ιη’,

790 2441 885 2512 ldem
918 2444 936 2509 'r‘
969 2439 1083 2533 comp’
1117 2439 1162 2510 de
1193 2460 1235 2533 51
1257 2437 1328 2511 dol’
1358 2436 1443 2525 vini,
1479 2438 1611 2534 recept'
1645 2439 1688 2510 de
1716 2433 1926 2529 Reymirndo

739 2533 819 2627 Jc'in,
839 2538 967 2636 Magno
995 2540 1088 2608 navis
1111 2541 1217 2609 beate
1235 2539 1349 2610 Marie
1365 2539 1410 2610 dc
1432 2537 1577 2622 Baiona‚
1604 2537 1648 2610 dc
1676 2532 1809 2637 provii’
1836 2533 1925 2608 falla

737 2660 802 2803 pgr
828 2639 933 2709 didos
950 2631 1065 2726 Justrc’
1093 2654 1128 2706 et
1155 2635 1354 2710 'l'hel’-et
1382 2638 1424 2708 de
1465 2658 1484 2735 7
1516 2635 1587 2710 dol'
1616 2633 1686 2708 vini
1719 2629 1853 2729 recept'
1881 2633 1925 2712 de

783 2733 870 2831 agro
891 2736 989 2806 ‘luen
1022 2736 1066 2806 de
1099 2733 1291 2826 Abyndon’
1319 2736 1365 2808 de
1399 2733 1514 2807 [lauro
1548 2731 1677 2806 reman’
1711 2735 1805 2828 apud
1836 2731 1924 2803 Kar⁴

739 2832 858 2905 liolnm
878 2832 952 2929 poll
970 2829 1131 2906 recellum
1158 2834 1311 2931 ejusdcm
1332 2831 1494 2930 Magistri
1511 2829 1679 2907 RiEi-ct
1697 2834 1741 2930 67
1760 2831 1834 2903 dol’
1850 2827 1921 2902 vini

736 2932 865 3030 recept’
889 2935 933 3004 de
959 2932 1134 3028 emptione
1160 2931 1254 3006 fasta
1269 2958 1329 3030 per
1347 2935 1495 3006 eundem
1512 2933 1556 3003 de
1572 2930 1709 3005 dirersis
1725 2930 1922 3006 mercatori·

734 3029 800 3116 bus
819 3030 984 3104 hibernie
1002 3033 1157 3125 inportu
1173 3033 1216 3104 de
1236 3031 1504 3124 Skymburness.
1557 3031 1697 3104 Summa
1930 3048 1997 3126 125
2014 3026 2086 3104 dol’
2102 3026 2188 3102 vini.

786 3128 844 3202 De
871 3131 998 3220 quibus
1021 3130 1136 3224 comp’
1164 3132 1228 3203 lib’
1254 3131 1359 3206 Petro
1384 3132 1429 3205 de
1447 3127 1605 3220 Ciccstr’,
1628 3129 1757 3204 clerico
1786 3125 1922 3226 panetr‘

732 3248 766 3300 et
784 3228 859 3300 but’
875 3226 996 3326 Regis,
1015 3246 1084 3300 tam
1102 3228 1206 3326 super
1230 3225 1345 3305 officio
1362 3230 1424 3302 suo
1444 3252 1550 3325 quam
1568 3227 1667 3326 super
1688 3229 1750 3302 lib’
1767 3227 1920 3304 laciend’

731 3326 868 3400 diversis
893 3325 926 3399 in
955 3325 1107 3401 exercitu
1126 3329 1244 3424 Regis,
1272 3352 1320 3427 74
1341 3325 1412 3402 dol'
1433 3355 1477 3427 3²
1507 3326 1578 3402 lcx'
1608 3351 1622 3399 1
1647 3327 1754 3422 pich’,
1780 3329 1824 3403 de
1842 3331 1920 3426 qui·
1954 3391 1958 3401 .

731 3426 795 3499 bus
822 3428 910 3500 idem
926 3423 1050 3502 Petrus
1077 3423 1260 3522 respondet
1291 3430 1325 3500 in
1356 3428 1470 3523 comp'
1487 3425 1546 3501 suo
1565 3428 1608 3499 de
1627 3425 1834 3502 victualibus
1858 3454 1920 3528 per

729 3524 838 3618 ipsum
856 3525 984 3620 recept’
1008 3549 1101 3598 anno
1125 3525 1363 3622 presenti-et
1392 3527 1502 3621 priori
1533 3545 1567 3599 et
1595 3529 1780 3600 conventui
1810 3527 1918 3603 abba·

730 3623 804 3696 thie
831 3623 975 3697 Carlioli
1005 3625 1049 3698 de
1081 3623 1260 3698 elemofina
1278 3625 1380 3724 Regis
1397 3651 1462 3721 pro
1479 3623 1648 3698 miffarum
1676 3627 1915 3702 celebracione

731 3722 765 3792 in
795 3724 912 3796 eadem
932 3721 1110 3810 abbathia,
1143 3750 1156 3796 1
1178 3723 1249 3797 dol'
1279 3726 1433 3797 tini-et
1451 3724 1534 3798 Diio
1551 3724 1700 3798 Willmo
1727 3728 1770 3798 de
1792 3725 1915 3816 (Zarin,

730 3841 763 3892 et
797 3819 879 3893 Dite
897 3824 977 3893 Ade
1003 3825 1103 3896 uxori
1134 3823 1306 3918 quondam
1331 3821 1404 3894 Diri
1424 3824 1567 3896 Roberti
1590 3824 1633 3896 de
1664 3825 1696 3896 la
1715 3819 1838 3911 Flecte,
1867 3828 1914 3901 de

726 3923 820 3993 tlono
838 3922 940 4019 liegis
969 3925 1103 3994 nomine
1120 3926 1350 4015 dampnorum
1374 3948 1446 4019 que
1476 3920 1628 3994 sustinuit
1651 3917 1685 3993 in
1711 3921 1820 3996 bladis
1847 3923 1915 3998 suis

728 4042 791 4111 per
823 4019 1009 4092 adventum
1046 4021 1150 4118 Regis
1184 4045 1219 4094 et
1252 4021 1422 4095 exercitus
1457 4019 1505 4093 lui
1538 4021 1632 4118 apud
1667 4018 1843 4094 Drunnok
1875 4045 1913 4098 et

728 4118 917 4194 Drumbou
936 4121 1111 4194 redeundo
1128 4123 1170 4192 de
1188 4122 1351 4217 partibus
1362 4120 1505 4194 Gawed'
1523 4115 1636 4192 mense
1648 4118 1745 4214 Sept’
1762 4121 1797 4190 in
1815 4121 1911 4214 prin-

727 4217 1622 4392 lllullllllldlllltlllllltlllll
1639 4217 1909 4394 {iiiimniiil'

782 4371 792 4403 s
1068 4357 1134 4390 *⁵
1730 4369 1743 4404 a
1897 4374 1909 4409 s

729 4416 812 4501 mil,
829 4438 863 4488 et
879 4416 953 4489 aliis
970 4413 1119 4506 diverlis,
1136 4419 1180 4489 de
1197 4419 1354 4490 exercitu
1371 4418 1474 4515 Regis
1491 4441 1552 4513 per
1575 4415 1674 4489 billas
1700 4416 1849 4514 garder’,
1872 4441 1911 4494 et

728 4515 857 4586 vendit'
873 4516 1014 4602 eisdem,
1029 4518 1071 4587 de
1087 4540 1233 4608 quorum
1251 4513 1371 4611 precio
1387 4515 1526 4613 garder’
1544 4534 1708 4591 oneratur
1726 4515 1760 4589 in
1778 4519 1908 4615 recept'

725 4611 846 4686 denar’
863 4614 944 4688 anni
962 4614 1137 4713 presentis,
1167 4637 1216 4704 24
1231 4616 1303 4688 dol'
1328 4617 1375 4689 26
1393 4614 1547 4687 send-et
1572 4615 1606 4686 iu
1625 4612 1770 4710 expcus'
1794 4613 1909 4690 Thef’

726 4711 822 4802 Sen',
852 4735 889 4785 et
923 4716 1067 4788 aliorum
1096 4716 1140 4785 de
1167 4715 1324 4808 hospitio
1351 4716 1457 4813 Regis
1483 4713 1697 4788 venicncium
1727 4736 1788 4808 per
1818 4717 1908 4791 vices

724 4811 832 4905 usque
848 4809 1042 4886 Karliolum
1060 4836 1125 4911 pro
1138 4814 1289 4908 negociis
1303 4811 1403 4909 ipfius
1421 4815 1538 4911 Regis,
1570 4839 1583 4885 1
1606 4811 1679 4886 dol’
1696 4810 1853 4888 vini-et
1870 4817 1905 4887 in

719 4909 866 5078 pillxtgio
892 4931 927 5026 et
953 4910 1110 4987 curilona
1137 4910 1304 4988 didorum
1337 4937 1379 4988 12
1383 4934 1405 5012 5
1430 4914 1509 5020 dol'·
1530 4912 1615 5001 vini,
1649 4934 1693 4981 10
1726 4911 1795 4984 dol’
1826 4915 1905 4988 vini.
1954 4940 2105 5033 „3d0p
2119 4944 2221 5041 μοι,

624 5212 626 5215 Ι
747 5029 999 5185 upprzceaptep}
1027 5111 1061 5183 in
1091 5107 1509 5206 custodiadidliJacobi,
1535 5107 1729 5205 dequibus
1756 5107 1845 5211 resp’
1869 5114 1902 5187 in
1952 5041 2222 5235 {leigiizffisexv

718 5205 830 5300 comp’
846 5206 906 5279 luo
923 5211 1001 5284 anni
1019 5233 1065 5306 29
1987 5235 2084 5337 Plch’

765 5307 857 5378 ldcm
883 5311 1029 5402 fcomp’
1056 5307 1099 5380 de
1126 5328 1172 5384 20
1188 5306 1258 5381 dol'
1280 5305 1405 5383 cervis'
1430 5309 1561 5406 recept’
1589 5313 1634 5388 de
1662 5309 1807 5410 quadam
1826 5311 1902 5386 navi
2086 5293 2096 5316 ⁸

718 5404 793 5477 ven'
809 5408 853 5481 de
870 5405 1038 5480 Hibernia
1066 5407 1110 5479 de
1133 5407 1358 5506 providencia
1380 5407 1551 5484 dietorum
1581 5410 1701 5507 Justic’
1729 5433 1765 5486 et
1789 5409 1906 5487 'rhet’

716 5521 751 5576 et
783 5505 827 5600 de
866 5528 912 5600 ¹4
948 5505 1022 5583 dol’
1055 5506 1178 5583 cervis’
1206 5511 1337 5607 recept’
1364 5510 1410 5585 de
1445 5512 1629 5611 empcione
1658 5509 1747 5590 iada
1780 5511 1822 5584 de
1850 5511 1905 5582 di·

818 5629 833 5678 1
1804 5609 1904 5685 verbs
1998 5623 2003 5632 ’
