5375 6667
449 723 451 728 ,
540 625 2130 724 EXPENSISNUNCIORUM,VADIIS,CALCIAMENTIS.
2214 637 2266 733 85'

753 844 796 917 de
834 867 924 917 anno
964 840 1124 939 presenti,
1177 867 1240 940 per
1277 866 1477 940 compotum
1519 844 1631 917 secum
1673 843 1804 919 factum
1845 847 1941 944 apud
2021 847 2048 919 i.
2098 848 2128 922 ἓ.
2195 850 2234 921 d.

758 941 982 1016 Fecitenham
1011 945 1119 1017 tercio
1146 945 1204 1017 die
1233 945 1368 1039 Aprilis
1397 969 1488 1017 anno
1517 945 1665 1039 predisto
1696 969 1741 1041 29
2023 968 2038 1022 t
2095 947 2118 1020 6
2195 950 2217 1021 8

323 1037 326 1042 ’
807 1044 925 1115 Robto
951 1044 1115 1131 Bernatd,
1151 1068 1214 1140 ρτο
1243 1042 1392 1139 expens’
1418 1045 1485 1115 oris
1516 1046 1565 1116 sui
1596 1067 1658 1139 per
1691 1068 1737 1135 14
1764 1045 1851 1132 dier,
1877 1069 1941 1139 ρετ

754 1166 840 1238 quos
868 1142 931 1214 suit
959 1160 1055 1214 extra
1086 1147 1212 1215 cutiam
1240 1143 1275 1214 in
1304 1142 1469 1214 nuncium
1499 1145 1592 1236 Reg'
1613 1141 1799 1217 deserendo
1826 1098 1941 1217 literas

392 1287 425 1368 B
527 1292 548 1365 d
755 1239 858 1335 ipfius
874 1241 977 1335 Regis
994 1240 1085 1312 Diris
1103 1242 1150 1329 Jo
1151 1242 1257 1313 hanni
1274 1245 1316 1314 de
1334 1242 1456 1315 Wake
1477 1264 1512 1315 et
1527 1241 1687 1315 Robetro
1710 1244 1782 1315 filio
1799 1245 1940 1341 Rogeri,

427 1314 526 1368 ‘mar
755 1339 862 1413 mens’
878 1340 1067 1412 Decembt’
1082 1358 1114 1411 et
1134 1342 1264 1425 Matc',
1284 1342 1489 1436 percipient’
1507 1367 1571 1436 per
1587 1343 1675 1412 diem
1701 1341 1767 1432 4d.
1783 1342 1842 1414 οἵ).
1877 1369 1940 1441 ρετ

754 1459 953 1534 compotum
981 1438 1114 1522 fastum
1132 1464 1211 1511 cum
1236 1465 1344 1514 uxore
1372 1438 1431 1512 sua
1455 1444 1547 1537 apud
1565 1440 1799 1531 Fecirenham,
1822 1465 1864 1537 13
1883 1445 1938 1517 die

752 1538 899 1635 Aprilis,
918 1560 1007 1610 anno
1022 1561 1067 1632 ²9

801 1637 891 1709 Rico
918 1639 962 1709 de
989 1636 1175 1731 Geteseye,
1201 1639 1342 1711 vaiietto
1370 1637 1513 1710 Domini
1542 1637 1702 1711 Edwatdi
1733 1636 1794 1710 filii
1821 1639 1939 1739 Regis,

752 1760 815 1831 pto
843 1737 951 1808 radiis
980 1736 1046 1808 suis
1074 1756 1108 1808 ct
1125 1735 1281 1832 expensis
1305 1762 1367 1833 per
1386 1738 1432 1808 26
1459 1738 1543 1821 dies,
1565 1761 1629 1830 per
1644 1762 1731 1832 quos
1756 1735 1823 1810 suit
1841 1760 1938 1814 extra

750 1836 823 1908 cur'
851 1854 885 1909 et
915 1857 1013 1909 extra
1040 1834 1144 1908 rotui’
1171 1836 1357 1908 marescail'
1385 1836 1554 1909 mensibus
1571 1836 1643 1928 Jul
1669 1858 1703 1909 et
1726 1836 1836 1933 Aug',
1867 1857 1937 1913 tam

392 1920 563 2022 Gereseye
751 1937 915 2006 motando
948 1936 1043 2031 apud
1076 1934 1271 2007 Katliolum
1312 1959 1380 2029 pro
1412 1936 1583 2009 condrrsiu
1625 1936 1798 2024 habendo,
1832 1959 1937 2032 quam

749 2035 917 2106 venit-ndo
935 2034 1050 2106 versus
1065 2035 1253 2127 predidum
1268 2034 1457 2106 Dominum
1476 2036 1570 2106 suum
1584 2037 1625 2107 ad
1643 2036 1830 2107 exercitum
1851 2037 1940 2129 Reg'

748 2156 809 2229 ρετ
826 2133 933 2221 diem,
961 2136 1140 2227 9d.-per
1158 2154 1355 2230 compotum
1373 2133 1498 2206 fastum
1526 2137 1619 2230 apud
1638 2133 1812 2209 Fiskerton
1841 2135 1860 2206 8
1879 2136 1939 2207 dic·

720 2232 925 2326 [Februat’,
944 2255 1099 2324 ann029
2015 2260 2040 2311 0
2094 2261 2138 2339 19
2189 2241 2212 2314 6

719 2329 740 2410 s
800 2333 939 2404 ihome
966 2333 1010 2403 de
1026 2329 1169 2415 Milton
1208 2331 1339 2405 clerico
1366 2328 1518 2423 ejusdem
1548 2331 1624 2419 filii,
1650 2356 1716 2428 pro
1733 2333 1841 2406 radtrs
1870 2332 1939 2406 suis

748 2450 783 2503 et
802 2428 957 2524 expenfis
975 2455 1034 2528 ρετ
1052 2435 1096 2524 38
1116 2431 1204 2518 dies,
1223 2456 1286 2526 ρετ
1302 2455 1393 2526 quos
1415 2430 1481 2503 suit
1499 2453 1595 2504 extra
1612 2433 1688 2504 cur’
1706 2451 1741 2503 et
1762 2455 1862 2506 extra
1880 2457 1936 2504 ro-

749 2531 859 2601 tuium
891 2531 1089 2619 marescail’,
1126 2527 1295 2604 mensibus
1325 2529 1421 2623 Jnnii
1451 2549 1486 2604 et
1516 2529 1616 2621 Julii,
1649 2532 1815 2605 motando
1844 2533 1938 2625 apud

752 2629 902 2700 Ebot’'
895 2654 929 2702 tn
963 2628 1125 2702 comitiva
1161 2630 1303 2703 Domini
1337 2631 1440 2703 Wiiii
1474 2632 1518 2703 de
1548 2630 1726 2723 Biibutge,
1763 2629 1939 2703 Thesaur’

752 2726 854 2824 ipsius
882 2727 955 2813 fiiii,
989 2753 1051 2825 pro
1078 2731 1189 2823 comp'
1210 2732 1254 2802 de
1274 2728 1430 2825 expensis
1458 2728 1611 2827 ejusdem
1628 2729 1705 2819 filii,
1731 2729 1775 2800 de
1800 2729 1936 2805 diretfis

749 2829 847 2898 annis
878 2829 971 2900 ads
966 2829 1158 2900 caccaritrm
1188 2831 1362 2901 redeundo
1386 2848 1421 2899 et
1449 2828 1617 2900 veniendo
1654 2829 1699 2899 de
1729 2827 1857 2900 ibidem
1891 2830 1936 2899 ad

748 2929 898 2998 eundum
916 2927 1104 2998 Dominum
1124 2925 1219 2997 suum
1238 2928 1279 2999 ad
1298 2949 1414 3021 partes
1433 2928 1568 3013 Scocie,
1596 2949 1658 3021 pet
1675 2926 1769 2998 diem
1794 2926 1883 2998 red
1883 2965 1935 2982 -

749 3048 812 3119 per
829 3025 1066 3120 compotum
1049 3023 1179 3096 astum
1196 3027 1326 3098 rbtdrm

391 2681 472 2756 Milt
460 2701 529 2758 ton.

798 3124 909 3200 witto
935 3127 977 3196 de
996 3126 1142 3220 Rogare,
1169 3125 1297 3197 eserico
1324 3124 1474 3222 ejusdem
1490 3122 1565 3211 filii,
1590 3149 1652 3221 ρτο
1669 3122 1777 3197 vadiis
1804 3123 1870 3197 suis
1898 3143 1933 3197 et

746 3222 892 3316 expens'
920 3248 981 3321 per
1008 3231 1052 3296 τυ
1072 3226 1158 3312 dics,
1188 3249 1248 3319 pet
1265 3248 1351 3317 quos
1379 3222 1445 3295 fuit
1471 3247 1568 3296 extra
1586 3225 1661 3296 cur'
1677 3241 1712 3297 ct
1728 3240 1823 3295 extra
1838 3244 1933 3295 τοτυ

718 3397 896 3540 Ιρτεάἱᾶἰ
919 3422 992 3493 Dr'ii
1017 3422 1118 3492 Willi
1145 3447 1208 3517 pto
1231 3447 1299 3520 neg
1300 3425 1380 3494 ocio
1394 3424 1533 3518 predco
1559 3422 1709 3514 mens’J
1691 3424 1769 3514 J’un
1792 3443 1826 3492 er
1848 3423 1933 3512 Jtti',

747 3522 961 3615 percipiente
979 3547 1040 3618 per
1057 3523 1149 3592 diem
1182 3545 1222 3591 12
1235 3451 1299 3593 dg
1264 3545 1387 3618 .-pet
1406 3539 1606 3618 compotum
1626 3518 1754 3591 factum
1773 3519 1903 3594 ibidem

795 3620 931 3692 Thome
955 3625 998 3693 de
1016 3621 1176 3693 Cornttb‘
1194 3621 1346 3702 Clerico,
1369 3621 1552 3692 cancellar’
1571 3620 1673 3714 Regis
1698 3619 1779 3717 affig
1782 3642 1862 3691 nato
1889 3622 1933 3694 ad

746 3719 1282 3812 radiumpcditumeleriotum
1276 3743 1401 3791 tncom
1404 3717 1550 3803 ’',Ebot
1570 3717 1666 3815 ρετ]
1645 3647 1931 3809 JobemdeBat·

744 3838 801 3888 ton
820 3838 855 3889 et
874 3819 995 3890 Ricirtt
1015 3823 1059 3891 dc
1077 3819 1218 3889 Sbeiton
1238 3821 1281 3889 ad
1301 3819 1367 3889 boc
1386 3842 1447 3911 ρετ
1465 3819 1601 3911 Regem
1619 3820 1814 3911 deputator,
1833 3820 1930 3891 teni·

744 3917 835 3987 endo
848 3920 892 3988 de
910 3916 1031 3988 eisdem
1049 3918 1205 4011 partibus
1222 3916 1337 3988 vetsus
1357 3918 1479 3988 Scocie
1496 3918 1538 3987 ad
1554 3918 1731 3988 morand’
1723 3942 1755 3988 tn
1774 3918 1930 3989 exercitu

749 4014 833 4109 Reg’
852 4016 979 4088 ibidem
1000 4041 1064 4109 ρτο
1083 4016 1233 4086 radiiss
1231 4018 1317 4087 uisa
1343 4013 1456 4087 secun
1449 4017 1493 4086 io
1516 4015 1571 4085 die
1591 4015 1739 4108 Augusti
1758 4017 1864 4110 usque
1886 4017 1930 4086 τό

385 4079 491 4157 Dec
460 4084 605 4159 Cb⁰m⁰
608 4111 640 4159 ¹²¹
706 4038 900 4253 <diemejn
879 4113 1118 4187 u'sdemmens
1120 4137 1290 4207 ,euttoqu
1303 4132 1516 4210 computato,
1533 4115 1751 4209 pet25dies,
1767 4139 1928 4209 perqttoe
2039 4157 2041 4161 ·

386 4183 542 4260 ⁰¹⁶¹¹⁰⁰⁸⁸
746 4210 813 4283 fuit
843 4214 937 4284 circa
969 4215 1150 4310 negocium
1185 4213 1371 4305 predisinm
1400 4214 1518 4298 rideit,
1554 4212 1757 4285 morando
1750 4237 1782 4282 tn
1807 4217 1927 4286 eodem

743 4315 834 4383 cotn’
851 4336 915 4405 pro
933 4311 1033 4385 dietis
1061 4314 1172 4408 pedit’
1202 4312 1330 4383 ibidem
1361 4309 1509 4405 eligend'
1528 4330 1561 4381 et
1589 4312 1810 4384 coadunand’
1829 4312 1928 4382 veni

743 4411 833 4484 endo
851 4435 929 4482 cum
948 4412 1070 4484 eisdem
1087 4411 1190 4503 usque
1209 4412 1414 4493 Karliolum,
1429 4434 1469 4481 ae
1487 4407 1594 4481 eciam
1614 4410 1777 4481 motando
1794 4410 1926 4483 ibidem

714 4488 808 4635 Ιρτο
833 4510 957 4581 eisdem
987 4511 1091 4606 pedit’
1119 4507 1234 4583 tersus
1253 4509 1445 4583 exercitum
1465 4507 1570 4604 Regis
1600 4507 1784 4595 liberand’,
1813 4509 1924 4606 perci·

741 4607 847 4704 pient'
867 4633 929 4704 per
946 4632 1051 4695 ((τεττι
1081 4631 1136 4680 ts.
1157 4610 1218 4680 od
1220 4648 1271 4663 —-

713 4640 733 4802 i
790 4704 873 4797 Jont
892 4710 935 4779 de
954 4707 1133 4794 Catieton,
1157 4706 1297 4795 clerico,
1315 4707 1519 4781 conducturi
1538 4705 1808 4802 quadringentas
1838 4731 1925 4779 mat·

740 4830 797 4877 cas
828 4830 980 4902 receptas
1009 4807 1050 4876 ad
1083 4807 1288 4878 scaccarium
1318 4808 1410 4903 apud
1433 4808 1461 4876 F
1465 4806 1536 4879 bflr'
1562 4805 1672 4878 mense
1692 4806 1856 4900 Augusti,
1882 4806 1925 4878 de

742 4905 866 4978 ibidem
896 4907 1001 4998 usqtte
1025 4905 1216 4978 Katlioium
1246 4910 1288 4978 ad
1321 4929 1477 4999 magtnm
1504 4906 1632 4975 Rieum
1664 4906 1708 4975 de
1731 4905 1922 5018 Abyodon,

741 5028 808 5098 pro
833 5004 941 5075 vadiis
962 5002 1112 5101 peditum
1138 5006 1265 5075 ibidem
1294 5006 1370 5073 ren’
1401 5005 1562 5088 soivend',
1594 5028 1657 5099 pto
1680 5004 1788 5075 vadiis
1821 5005 1922 5074 trium

382 5114 579 5210 casiagium
699 5106 897 5230 Jequitum
931 5103 1006 5174 tren’
1039 5104 1073 5174 itt
1108 5102 1272 5175 comitiva
1305 5101 1386 5173 dieti
1419 5100 1517 5191 Jobis
1551 5127 1615 5197 pro
1647 5102 1735 5172 dista
1775 5102 1922 5196 pecunia

381 5215 512 5291 denua
742 5200 832 5273 salto
850 5201 1090 5288 conducenda,
1107 5224 1169 5295 per
1193 5200 1214 5268 6
1239 5201 1323 5290 dies,
1344 5223 1475 5294 ρετ
1424 5202 1475 5270 di
1466 5223 1512 5270 m
1540 5203 1727 5294 3s.--18
1713 5227 1739 5273 s.
1742 5199 1920 5273 -Eidem

741 5323 806 5414 pro
836 5299 981 5395 stipend'
1009 5302 1155 5371 duorum
1186 5299 1307 5371 hasten’
1334 5324 1400 5397 per
1433 5299 1541 5392 ipsum
1571 5300 1821 5373 conductorum
1857 5323 1921 5396 ρτο

739 5398 888 5496 caringio
900 5400 985 5469 dicte
998 5398 1142 5495 pecunie
1153 5400 1240 5471 inter
1256 5405 1329 5471 soce
1350 5396 1498 5494 predicit
1513 5425 1574 5495 pet
1586 5398 1696 5472 dictos
1711 5406 1731 5472 6
1751 5401 1838 5484 dier,
1857 5422 1921 5494 pro

735 5498 895 5594 quolibet
913 5497 1050 5585 baken’,
1070 5522 1132 5595 per
1149 5498 1240 5574 diem
1262 5497 1685 5574 rzd.-rai.-Sumtna
1770 5598 1805 5668 D

1809 5595 1923 5672 omino

389 3296 538 3396 Rogm.
708 3034 877 3393 ilum
850 3322 1047 3410 mateseail',
1072 3323 1240 3396 morando
1269 3323 1416 3395 stmiiiter
1444 3326 1536 3416 apud
1566 3324 1714 3396 Ebot’
1706 3347 1741 3395 tn
1771 3321 1933 3395 comitiva

716 3397 738 3862 i
