5375 6667
401 635 475 754 ,πθ
728 623 1942 736 moenmimium,cebneconuee,e0.·
2100 656 2103 660 ·

447 849 487 923 P.
509 869 593 949 ²49·
809 841 961 934 Johanni
981 843 1024 914 de
1040 841 1217 932 Ciotbaie,
1242 841 1421 938 pmmba
1438 841 1498 915 sua
1515 839 1746 916 hiemalianni
1764 842 1942 940 presentie,
2019 845 2048 921 i.
2113 849 2146 925 δ’.
2195 849 2239 928 d.

761 964 823 1036 per
841 963 961 1014 manus
978 940 1136 1037 proprias
1153 941 1248 1033 apud
1265 941 1474 1015 Berewicum
1492 940 1591 1038 super
1607 941 1645 1014 T
1645 944 1783 1024 wedam
1974 967 1997 1018 2
2015 953 2134 1025 mare’.

812 1039 901 1113 Rieo
919 1043 952 1111 le
972 1039 1269 1131 Chanmberieyn,
1297 1061 1363 1135 pto
1389 1041 1524 1131 eodem,
1551 1064 1616 1139 per
1640 1063 1760 1115 manus
1787 1043 1945 1141 propriae

762 1136 886 1210 ibidem
906 1160 950 1235 27
970 1139 1026 1211 die
1042 1136 1233 1212 Decembr’
1972 1166 1994 1217 2
2011 1146 2134 1223 marc’.

810 1236 983 1309 Bemardo
1000 1234 1121 1325 Dosse,
1151 1259 1229 1330 pro¹
1243 1236 1461 1333 eodem,per
1486 1259 1608 1312 manus
1631 1235 1788 1336 propriae
1815 1237 1943 1314 ibidem

762 1356 802 1405 21
826 1335 881 1405 die
897 1332 1087 1406 Decembr'
1972 1363 1993 1413 2
2011 1347 2133 1419 marc'.

808 1431 927 1505 Garbe
943 1434 988 1505 de
1014 1431 1132 1520 Rions,
1158 1455 1224 1529 pro
1240 1427 1379 1522 eodem,
1405 1458 1467 1532 per
1482 1453 1604 1510 manus
1626 1436 1782 1533 proprias
1799 1435 1941 1526 ibidem,

757 1532 877 1604 eodem
893 1534 950 1604 die
1970 1563 1991 1612 2
2009 1541 2128 1616 marc'.

807 1631 910 1703 Petro
938 1630 1095 1722 Lebaud,
1122 1655 1188 1730 pro
1214 1634 1350 1725 eodem,
1375 1656 1440 1729 per
1466 1657 1587 1709 manus
1615 1633 1770 1731 propriae
1795 1633 1938 1727 ibidem,

756 1730 875 1800 eodem
888 1731 944 1804 die
1970 1761 1989 1811 2
2008 1738 2129 1816 marc’.

808 1827 932 1901 Guiiio
958 1831 1105 1904 Arnaldi
1135 1827 1333 1919 Damarotz,
1359 1854 1427 1928 pro
1457 1833 1594 1922 eodem,
1619 1847 1827 1928 permanes
1854 1855 1937 1928 pro·
2262 1915 2266 1922 ,

757 1927 845 2018 prias
862 1927 1004 2021 ibidem,
1034 1932 1154 2004 eodem
1172 1932 1228 2004 die
1966 1955 1986 2008 2
2006 1938 2128 2012 matc’.

805 2024 979 2100 Bernardo
1007 2031 1050 2103 de
1077 2028 1242 2119 Grisnak,
1274 2057 1342 2131 pro
1368 2030 1506 2120 eodem,
1536 2052 1602 2127 per
1629 2054 1750 2105 manus
1779 2031 1936 2128 propriae

753 2123 881 2196 ibidem
901 2149 947 2223 30
964 2127 1019 2199 die
1035 2128 1224 2201 Decembr’
1265 2164 1267 2170 ·
1963 2134 2129 2211 zmarc’.

802 2224 955 2316 Jobanni
971 2227 1014 2297 de
1030 2228 1195 2314 Tardetz,
1220 2253 1287 2325 pro
1303 2233 1434 2322 eodem,
1462 2253 1526 2327 per
1542 2251 1663 2303 manus
1678 2227 1836 2327 proprias
1862 2226 1933 2302 ibi·

753 2321 844 2406 dem,
870 2325 993 2398 ultimo
1010 2326 1065 2401 die
1082 2327 1267 2401 Decembr'
1965 2350 1987 2401 2
2005 2330 2130 2407 marc'.

801 2421 950 2512 Johanni
967 2423 1012 2496 de
1030 2425 1197 2515 villariis,
1226 2451 1291 2522 pro
1309 2429 1445 2516 eodem,
1470 2450 1537 2523 per
1553 2448 1675 2501 manue
1691 2426 1851 2523 proprias
1867 2424 1934 2499 ibi·

753 2518 832 2590 dem
850 2545 894 2593 21
916 2523 972 2594 die
984 2521 1173 2598 Decembr'
1965 2552 1987 2601 2
2004 2527 2128 2605 marc’.

801 2617 936 2694 'l'home
953 2622 996 2693 de
1013 2622 1119 2712 Flete,
1149 2645 1216 2718 pro
1232 2622 1366 2710 eodem,
1394 2646 1457 2720 per
1473 2643 1594 2696 manus
1619 2623 1774 2719 propriae
1790 2622 1932 2715 ibidem,

753 2716 946 2792 eodemdie
1966 2727 2122 2802 emere'.

391 2823 585 2901 Servientee-
599 2820 659 2897 ad·
801 2819 961 2893 ilenrico
974 2819 1124 2907 Nefard,
1150 2844 1217 2917 pro
1234 2821 1370 2913 eodem,
1399 2844 1461 2919 per
1476 2840 1599 2896 manus
1614 2821 1771 2918 propriae
1787 2818 1934 2913 ibidem,

390 2951 495 3002 asma,
751 2916 872 2991 eodem
889 2919 946 2991 die
1962 2923 2125 2997 emerc'.
2247 2963 2256 2975 ·

800 3018 995 3114 Ranulpbo
1019 3021 1051 3092 le
1068 3017 1242 3113 Charton,
1265 3041 1332 3117 pro
1364 3018 1500 3111 eodem,
1529 3042 1595 3117 per
1624 3044 1746 3095 manue
1773 3015 1933 3116 proprias

749 3114 891 3201 ibidem,
921 3120 1044 3191 eodem
1061 3117 1119 3192 die
1961 3139 1984 3189 2
2002 3118 2129 3195 marc’.

798 3215 914 3288 Wiiio
941 3218 985 3290 de
1003 3216 1104 3306 Hull,
1132 3240 1197 3314 pro
1214 3216 1356 3308 eodem,
1383 3240 1445 3314 per
1462 3240 1582 3293 manus
1608 3215 1764 3313 pmpriae
1789 3214 1933 3304 ibidem,

751 3339 798 3390 22
811 3313 869 3388 die
885 3313 1079 3389 Decembr’
1962 3339 1984 3389 2
2003 3315 2121 3392 marc’.

800 3413 900 3488 Rado
930 3414 961 3487 ie
979 3415 1144 3501 convers,
1176 3437 1241 3511 pro
1269 3414 1405 3506 eodem,
1430 3437 1492 3511 per
1512 3435 1635 3488 manue
1651 3412 1775 3490 Aleiri
1791 3410 1824 3486 le
1839 3411 1935 3487 Con·

750 3538 825 3590 vers
840 3511 955 3585 fratris
974 3513 1022 3585 sui
1040 3512 1168 3586 ibidem
1183 3514 1306 3586 eodem
1324 3514 1379 3586 die
1959 3535 1979 3586 α
1998 3513 2115 3587 marc'.

799 3612 996 3705 ingelramo
1021 3614 1055 3682 le
1082 3611 1255 3698 Charton,
1286 3633 1353 3707 pro
1375 3612 1510 3698 eodem,
1540 3632 1602 3706 per
1624 3634 1741 3684 manus
1769 3608 1930 3706 proprias

750 3709 877 3782 ibidem
898 3709 942 3779 26
962 3709 1018 3781 die
1031 3709 1222 3784 Decembr‘
1962 3734 1983 3783 2
2001 3708 2125 3784 marc'.

798 3805 881 3901 Johi
898 3808 1110 3894 Paffavaunt,
1138 3829 1202 3904 pro
1229 3808 1363 3894 eodem,
1392 3831 1454 3907 per
1471 3830 1591 3882 manus
1615 3805 1690 3881 Dm
1718 3805 1818 3901 Johis
1834 3808 1931 3907 Kyn-

750 3906 869 4009 geston
888 3908 1029 3997 ibidem,
1059 3910 1104 3981 28
1123 3910 1180 3982 die
1198 3906 1387 3981 Decembr'
1460 3947 1466 3954 ·
1960 3903 2123 3984 emate*-

800 4006 954 4101 Georgio
979 4009 1022 4081 de
1051 4005 1239 4093 saunford,
1271 4031 1338 4101 pro
1368 4005 1501 4092 eodem,
1537 4029 1600 4101 per
1629 4029 1750 4079 manus
1775 4002 1930 4103 ejusdem

749 4106 822 4178 1)ῆί
839 4106 935 4198 Jobis
953 4107 1094 4192 ibidem,
1127 4105 1246 4180 eodem
1261 4106 1318 4178 die
1960 4122 1987 4178 2'
2000 4103 2120 4181 marc’.

790 4205 984 4278 Benedido
1010 4205 1054 4277 de
1072 4204 1244 4293 Fletwyk,
1278 4228 1342 4301 pro
1359 4203 1492 4291 eodem,
1518 4227 1580 4301 per
1608 4224 1730 4276 manus
1757 4200 1837 4275 die‘ti
1854 4199 1929 4275 Ddi

747 4303 848 4398 Jobis
865 4304 1007 4388 ibidem,
1033 4304 1154 4376 eodem
1170 4302 1227 4376 die
1960 4325 1980 4374 2
1999 4301 2118 4376 marc'.

798 4402 954 4474 Amaldo
984 4403 1109 4488 Sauuz,
1136 4423 1200 4497 pro
1231 4401 1364 4490 eodem,
1391 4423 1456 4498 per
1482 4421 1601 4472 manus
1625 4397 1706 4472 didi
1728 4398 1802 4472 Dm
1828 4397 1929 4491 Johis

749 4503 887 4587 ibidem,
914 4502 1034 4574 eodem
1052 4503 1108 4574 die
1958 4523 1980 4570 2
1998 4499 2120 4573 marc’.

799 4599 936 4672 Bastuio
962 4599 1148 4681 Balistario,
1209 4622 1247 4670 ro
1275 4600 1410 4686 eodem,
1445 4619 1509 4691 per
1538 4596 1653 4690 comp’
1683 4593 1815 4670 fabium
1844 4619 1926 4670 cum
2164 4618 2171 4628 ·

714 4717 717 4723 ⁴
746 4701 867 4775 eodem
885 4699 976 4795 apud
995 4698 1155 4769 Sandium
1174 4623 1397 4769 {dmundum
1421 4719 1461 4767 11
1482 4695 1540 4766 die
1559 4694 1650 4767 Maii
1955 4719 1975 4768 2
1996 4697 2113 4770 marc’.

798 4798 950 4869 Hemico
976 4799 1019 4866 de
1036 4793 1246 4883 Greneiord,
1273 4818 1338 4888 pro
1363 4799 1494 4884 eodem,
1519 4819 1581 4891 per
1598 4795 1709 4889 comp'
1726 4792 1840 4866 secum
1855 4790 1924 4864 fac·

747 4921 817 4971 eum
836 4899 927 4987 apud
946 4894 1054 4968 Ebor'
1077 4918 1120 4986 14
1136 4894 1190 4965 die
1207 4893 1299 4986 Junii
1954 4912 1975 4963 2
1995 4892 2113 4965 merc'.

795 4995 916 5066 Robto
943 4995 986 5065 de
1004 4994 1177 5079 Neketon,
1207 5017 1273 5088 pro
1290 4990 1424 5081 eodem,
1452 5015 1513 5086 per
1530 4989 1644 5086 comp’
1661 4987 1773 5063 secum
1796 4985 1924 5061 fadum

746 5095 839 5187 apud
859 5094 893 5161 la
911 5090 1002 5163 Rose
1021 5113 1066 5182 24
1084 5095 1140 5164 die
1159 5090 1348 5187 Septembr’
1956 5112 1974 5161 2
1994 5089 2111 5163 marc’.

715 5122 724 5356 Ι
796 5189 922 5264 Aieiero
939 5189 1094 5280 Janitori,
1117 5213 1181 5282 pro
1198 5192 1328 5276 eodem,
1346 5211 1409 5283 per
1424 5184 1536 5282 comp’
1554 5183 1668 5259 secum
1685 5185 1810 5259 fadum
1828 5186 1922 5283 apud

745 5289 930 5364 Netelbam
949 5311 973 5378 4
990 5290 1044 5361 die
1065 5287 1228 5361 Februar’
1955 5307 1977 5357 2
1996 5286 2112 5360 manc’·

714 5365 723 5510 δ
793 5388 927 5460 Thome
958 5387 1000 5458 de
1017 5384 1195 5474 London',
1221 5410 1287 5480 pro
1314 5385 1446 5469 eodem,
1472 5406 1534 5477 per
1562 5381 1676 5478 comp’
1693 5384 1822 5457 fabium
1841 5404 1922 5454 cum

751 5484 859 5561 wido
876 5490 919 5561 de
939 5484 1111 5558 Saunford
1130 5487 1224 5582 apud
1243 5481 1388 5558 Westm’
1406 5483 1520 5557 mense
1536 5484 1676 5576 Januar'
1694 5507 1784 5556 anno
1802 5504 1902 5656 ιᾶηῐ
1954 5508 1975 5556 2
1994 5480 2112 5558 marc'.

1863 5605 1872 5651 ι
1902 5605 1925 5655 o
