5375 6667
415 573 493 666 '28⁸

468 1976 513 2052 P.
531 1994 616 2069 225.

736 4826 739 4836 t

787 582 1191 666 exenusts
1253 583 1786 684 Nuntctotttttt,
1837 595 1908 670 ne.

829 801 962 873 Eodem
980 802 1050 889 die,
1078 803 1157 874 Ade
1174 802 1217 874 de
1234 799 1501 891 Yuckesworth,
1519 801 1630 876 defet’
1648 800 1762 874 literas
1780 801 1886 901 Regis
1904 801 1967 877 sub

783 899 917 994 privato
944 901 1053 995 figrllo
1071 900 1243 996 Magistris
1268 901 1353 994 Johi
1379 900 1556 997 Gillemyn
1582 921 1617 973 et
1642 903 1757 975 Willo
1785 915 1818 976 le
1837 903 1968 978 Mares·

785 1001 889 1084 ehal’,
920 1025 985 1094 pro
1002 1002 1124 1094 eapen'
1142 1001 1207 1073 suis

837 1120 882 1186 14
907 1099 962 1170 die
980 1102 1010 1167 A
1017 1101 1107 1194 pris,
1135 1097 1217 1189 Jol‘ti
1233 1101 1277 1171 de
1294 1098 1450 1193 Pendyn‚
1476 1100 1600 1173 nuncio
1616 1097 1689 1170 Diii
1710 1098 1808 1191 Joliis
1825 1101 1966 1196 Wogau

782 1195 898 1289 Jullic'
909 1198 1066 1290 Hybetn¹
1080 1197 1239 1270 redeunti
1251 1200 1292 1270 ad
1303 1199 1648 1271 eundemDominum
1662 1200 1758 1272 suum
1772 1223 1850 1272 eunt
1864 1200 1967 1274 literis

783 1297 899 1389 Regis,
928 1319 993 1388 pro
1007 1294 1161 1392 expensts
1180 1296 1246 1368 suis
1262 1296 1304 1368 stc
1318 1299 1493 1371 redeundo

752 1354 760 1508 Ι
831 1423 854 1488 4
872 1394 928 1492 die
943 1396 1202 1487 April',Rolito
1219 1397 1251 1466 le
1266 1395 1516 1488 Palesteytnan‚
1529 1395 1682 1490 garcioni
1694 1394 1769 1480 Dni
1790 1397 1900 1471 Roliti
1920 1397 1963 1471 de

784 1494 902 1566 Felton
922 1494 1077 1564 redeunti
1105 1495 1145 1564 ad
1172 1495 1319 1567 eundem
1337 1493 1529 1568 Dominum
1546 1496 1643 1567 suum
1661 1519 1740 1569 cum
1768 1496 1877 1570 literis
1894 1499 1962 1570 lle·

781 1593 845 1686 gis.
872 1615 937 1684 pro
954 1590 1079 1684 expen’
1095 1591 1161 1664 suis
1177 1591 1221 1663 fic
1243 1594 1421 1666 redeundo

749 1669 758 1816 Ι
828 1689 958 1761 Eodem
991 1690 1059 1780 die,
1093 1694 1172 1763 Ade
1196 1693 1288 1778 Scot,
1323 1692 1478 1785 garcioni
1512 1695 1600 1767 eom'
1627 1692 1782 1784 Patricii,
1818 1695 1890 1766 red'
1921 1693 1962 1764 ad

2046 789 2087 881 Ῐ.Ι
2123 807 2156 883 3·
2204 799 2250 886 d·

2048 1029 2250 1081 020

2044 1322 2247 1399 ⁰5⁰

2044 1620 2246 1674 020

780 1789 926 1862 eundem
960 1787 1153 1861 Dominum
1188 1791 1286 1862 suum
1320 1815 1399 1864 cum
1433 1791 1538 1865 literis
1578 1792 1694 1888 Regis,
1723 1819 1790 1889 pro
1821 1792 1951 1887 expens
2080 1830 2083 1836 ·

781 1888 846 1959 suis

832 1985 938 2058 Sexto
963 1987 1020 2057 die
1046 1984 1174 2080 April,
1202 1984 1313 2070 Mose,
1345 1989 1486 2073 nuncio,
1522 1986 1688 2062 deferenti
1719 1989 1833 2062 literas
1858 1989 1963 2083 Regis

780 2082 934 2157 Domino
951 2086 1098 2176 Johanni
1117 2086 1162 2155 de
1181 2083 1360 2172 Bellene,
1391 2111 1455 2181 pro
1472 2087 1617 2179 expenl'
1635 2088 1701 2159 suis
1814 2167 1817 2172 ,

829 2183 956 2255 Eodem
974 2183 1042 2268 (lie,
1070 2184 1188 2254 llolito
1215 2185 1257 2254 de
1275 2185 1444 2273 Enefeud,
1464 2188 1603 2274 nuncio,
1630 2185 1689 2256 filii
1710 2186 1827 2279 Regis,
1852 2183 1962 2258 defet’

779 2282 893 2354 literas
913 2283 1086 2375 Episcopo
1099 2281 1207 2352 Cestt’
1223 2304 1258 2355 et
1276 2283 1427 2357 Domino
1440 2283 1565 2356 Ottoni
1579 2287 1623 2356 de
1640 2285 1876 2373 Grandisono,
1896 2310 1963 2380 pro

778 2380 930 2478 expensis
949 2381 1012 2451 suis
1031 2382 1196 2452 cundoet
1215 2383 1396 2456 redeundo

828 2505 846 2564 7
873 2480 929 2553 die
947 2479 1076 2576 April,
1091 2479 1239 2570 Johttnni
1267 2482 1310 2551 de
1330 2479 1524 2566 Mounden‚
1554 2479 1636 2554 cok'
1653 2478 1702 2551 fil’
1720 2480 1838 2576 Regis,
1866 2479 1960 2553 eunti

778 2579 936 2650 London’
954 2603 1019 2672 pro
1038 2580 1134 2650 Arcu
1162 2596 1196 2650 et
1213 2602 1281 2651 una
1300 2579 1434 2652 Lancea
1452 2578 1600 2677 ejusdem
1619 2578 1679 2650 lilii
1697 2582 1873 2673 querettd',
1897 2603 1960 2674 pto
1984 2615 1993 2633 ·

777 2676 900 2772 expen'
917 2677 983 2748 suis
997 2677 1113 2750 eundo
1131 2696 1165 2748 et
1176 2679 1352 2750 redeundo

832 2798 877 2867 ¹4
908 2776 1119 2868 dieApril’,
1157 2777 1294 2849 'l'ltomc
1313 2775 1456 2868 wight,
1485 2772 1593 2848 deser’
1621 2776 1736 2850 literas
1762 2775 1868 2870 Regis
1898 2774 1960 2846 sub

746 2841 915 2989 iprimm
954 2875 1062 2968 figillo
1098 2873 1297 2948 custodibus
1337 2873 1478 2971 passagii
1515 2875 1682 2963 Dovott'‚
1731 2901 1795 2972 pto
1836 2875 1961 2969 expen’

778 2985 955 3146 lulsEodem
985 3073 1056 3158 die,
1093 3070 1245 3143 Willmo
1275 3075 1318 3145 de
1342 3071 1499 3168 Pendyn,
1532 3069 1660 3143 nuncio
1689 3070 1761 3142 Diti
1791 3069 1961 3162 Johannis

2044 2411 2068 2460 0
2221 2414 2246 2460 0

2042 2684 2243 2758 006

2043 2983 2243 3053 0'16

780 3175 921 3269 Wogan
956 3170 1098 3243 redeun’
1124 3172 1164 3240 ad
1204 3172 1353 3244 eundem
1385 3170 1574 3243 Dominum
1609 3171 1707 3241 snum
1741 3193 1819 3242 eunt
1855 3171 1961 3242 literis
2039 3207 2041 3212 >

780 3272 897 3367 Regis,
916 3293 979 3365 pro
997 3268 1118 3364 expen'
1134 3267 1199 3339 suis

831 3393 844 3442 t
853 3392 873 3464 5
902 3373 957 3442 die
977 3366 1103 3462 Apris,
1126 3391 1233 3462 patto
1251 3366 1403 3455 Robino,
1431 3365 1556 3440 nuncio
1575 3365 1695 3460 Regis,
1720 3365 1830 3440 deser'
1848 3365 1962 3438 literas

783 3469 893 3565 Regis
919 3469 982 3538 sub
1000 3467 1133 3562 privato
1163 3465 1271 3560 sigillo
1288 3466 1423 3539 divetfis
1442 3466 1656 3563 magnatibus
1671 3464 1815 3540 Vaseon'
1833 3486 1867 3539 et
1885 3468 1965 3560 qni·

779 3569 917 3638 busdem
936 3569 1083 3658 burgen’
1100 3566 1256 3653 baronis,
1275 3589 1338 3658 pto
1356 3563 1480 3658 expen'
1494 3585 1528 3635 et
1545 3561 1674 3659 palsag’
1689 3563 1757 3635 suis

826 3665 960 3749 Eidem,
979 3686 1042 3756 pto
1060 3664 1125 3735 att’
1145 3664 1268 3756 expen'
1291 3686 1377 3756 quas
1398 3661 1477 3734 fecit
1496 3686 1559 3758 per
1578 3663 1670 3734 vices
1689 3661 1790 3734 eund'
1807 3664 1841 3735 in
1859 3660 1962 3734 nune'

779 3765 886 3858 Regis
903 3762 993 3835 insta
1011 3786 1138 3835 annum
1155 3761 1237 3856 pres
1241 3762 1250 3791 ’
1268 3781 1344 3834 ante
1363 3785 1406 3858 14
1425 3763 1514 3832 diem
1534 3760 1648 3854 April’

827 3862 958 3934 Eodem
986 3861 1055 3948 die,
1080 3861 1212 3934 cuidem
1237 3860 1390 3954 garcioni
1422 3860 1493 3932 Dfii
1523 3857 1666 3932 Roberti
1696 3855 1866 3952 Hasteng‚
1896 3858 1964 3931 vic’

776 3962 818 4032 de
836 3960 1083 4056 Rokesbttrglt,
1106 3963 1254 4033 venienti
1280 3962 1322 4031 ad
1345 3961 1482 4056 Regem
1507 3982 1586 4030 eum
1610 3956 1714 4029 literis
1740 3957 1886 4030 Domini
1913 3957 1962 4028 sui

781 4062 874 4153 apud
902 4061 1057 4130 Sandum
1085 4060 1264 4132 Albanum
1292 4080 1326 4131 et
1352 4058 1511 4130 redeunti
1536 4058 1579 4129 ad
1604 4059 1749 4129 eundem
1775 4053 1965 4129 Dominum

781 4157 878 4230 suum
896 4158 930 4228 in
951 4157 1132 4229 subsidium
1147 4157 1268 4251 expen’
1282 4158 1372 4231 suot’

834 4259 875 4330 16
901 4256 955 4329 die
979 4258 1109 4350 April',
1139 4258 1252 4329 Willo
1276 4259 1319 4327 de
1343 4255 1552 4350 Hotington,
1579 4251 1691 4327 deser’
1714 4250 1831 4325 literas
1855 4250 1961 4349 Regis

781 4355 847 4426 vic’
866 4355 1126 4448 Northnmpton
1140 4378 1205 4448 pto
1223 4357 1347 4449 expen’
1361 4354 1427 4427 suis

834 4480 875 4549 19
895 4454 951 4527 die
970 4455 1097 4547 April',
1115 4453 1251 4524 cuidam
1269 4452 1420 4548 garcioni
1439 4448 1549 4524 defer'
1565 4450 1742 4546 quandam
1765 4448 1883 4521 billam
1900 4446 1962 4520 sub

780 4550 889 4650 stgillo
906 4554 1010 4646 Regis
1029 4553 1128 4624 Rado
1151 4554 1195 4624 de
1214 4553 1313 4638 Stok,
1338 4553 1465 4624 clerico
1484 4575 1605 4648 magne
1630 4548 1731 4643 gard’
1748 4548 1867 4643 Regis,
1896 4572 1961 4642 pto

781 4652 901 4745 pannis
933 4653 975 4722 ad
1004 4676 1126 4724 aurum
1157 4670 1191 4726 et
1226 4652 1302 4723 aliis
1332 4649 1486 4722 mittend’
1527 4652 1569 4720 ad
1600 4651 1685 4739 cut'‚
1718 4671 1782 4741 pro
1816 4645 1962 4742 expens'

783 4749 847 4821 luis

837 4873 878 4946 17
902 4847 957 4919 die
983 4848 1114 4941 Aptil’,
1138 4846 1273 4920 cuidam
1297 4846 1461 4943 garcioni,
1488 4844 1597 4916 descr'
1623 4845 1734 4916 literas
1759 4842 1866 4938 Regis
1890 4841 1963 4914 bal·

784 4945 852 5017 lito
871 4946 997 5018 manet'
1014 4947 1118 5044 Regis
1136 4950 1229 5040 apud
1248 4945 1417 5035 Ouesson,
1445 4969 1511 5038 pto
1526 4943 1651 5041 expen’
1667 4941 1731 5014 suis

833 5067 874 5115 21
892 5045 946 5115 die
960 5046 1085 5140 Aptil’,
1102 5045 1181 5137 Jolii
1202 5048 1246 5118 de
1265 5047 1375 5132 llinn,
1394 5043 1487 5132 cok',
1504 5041 1616 5116 delet’
1632 5041 1748 5115 literas
1761 5037 1868 5136 Regis
1885 5036 1961 5111 bal·

751 5178 760 5257 Ι
782 5140 905 5214 litode
919 5143 1082 5229 Canude,
1112 5169 1176 5238 pto
1192 5146 1335 5239 expens'
1354 5145 1419 5216 suis

748 5261 761 5493 Ι
831 5262 876 5312 22
894 5237 949 5310 die
968 5241 1095 5336 April’,
1119 5242 1269 5315 Willmo
1287 5245 1322 5316 le
1343 5243 1582 5314 lleshereman
1604 5238 1700 5311 eunti
1717 5235 1833 5314 tersus
1851 5233 1962 5332 Clyte

781 5339 825 5413 ad
843 5337 1024 5437 piscatores
1047 5339 1173 5415 ibidem
1197 5341 1379 5436 piscantes,
1403 5361 1469 5434 pro
1490 5341 1617 5436 expen’
1631 5335 1700 5411 suis
1834 5433 1863 5509 Ε
1887 5435 1909 5505 d

1864 5458 1886 5510 o
1911 5457 1963 5506 ent

2044 3299 2246 3374 050

2045 3572 2242 3647 168

2042 3792 2247 3864 0-34

2041 4200 2245 4254 012

2041 4370 2247 4451 006

2042 4758 2245 4830 008

2042 4965 2247 5024 002

2043 5149 2248 5221 026

2044 5365 2250 5420 00.
