5375 6667
741 542 1931 659 urensntntts,nQutsnrtttts,nc.
2029 526 2111 609 Δ
2221 574 2287 651 4,,

804 757 939 831 Tirome
964 756 1010 829 de
1037 754 1204 851 Peireseye
1221 756 1376 840 Clerico.
1401 750 1564 853 asfignato
1594 778 1658 849 per
1675 755 1882 831 Thesaurar’
1904 757 1947 829 ad
2016 756 2043 831 i.
2092 752 2122 830 i.
2190 758 2227 829 d.

757 858 970 931 conducend’
989 854 1121 947 Jocalia
1137 856 1180 927 R.
1209 858 1251 928 de
1271 854 1377 927 Novo
1404 856 1529 927 Caiiro'
1551 852 1651 951 super
1677 854 1813 949 Tynam
1840 864 1947 952 usque

758 957 970 1031 Berewicutn
1000 955 1104 1053 super
1130 952 1309 1044 Ttredam,
1336 977 1402 1050 pro
1426 950 1583 1049 expende
1611 955 1676 1027 suis
1702 978 1737 1029 et
1763 958 1867 1029 trium
1897 959 1948 1033 so-

349 1134 355 1145 ,
393 1072 596 1169 carragium
756 1057 888 1129 ciorum
906 1054 1044 1128 suorum
1058 1054 1143 1125 diua
1167 1052 1297 1146 Jocalia
1315 1070 1384 1124 tarn
1409 1052 1453 1125 de
1469 1053 1527 1127 die
1544 1078 1648 1149 quam
1665 1057 1709 1127 de
1726 1058 1819 1129 nodie
1838 1056 1948 1131 cusio-

389 1173 572 1273 jocaljum‚
754 1156 937 1241 dieucum,
973 1176 1008 1225 et
1041 1176 1107 1247 pto
1138 1152 1289 1225 denariis
1322 1174 1387 1247 per
1418 1149 1530 1243 ipsum
1565 1152 1680 1227 solutis
1712 1176 1780 1251 pro
1813 1154 1949 1229 duabus

754 1253 896 1325 caresiis
919 1275 954 1325 et
971 1248 1098 1324 haken’
1114 1234 1293 1329 conducite
1310 1274 1376 1347 pro
1402 1248 1502 1322 'disiis
1528 1251 1706 1343 Jocaiibur
1729 1275 1766 1326 ut
1796 1256 1948 1353 predici-

602 1406 605 1410 Α
669 1392 673 1401 -
754 1368 809 1422 tur
828 1351 1007 1435 cariandis,
1038 1370 1073 1423 et
1090 1350 1165 1421 aliis
1182 1347 1321 1423 minutis
1344 1348 1502 1443 expensis
1531 1348 1625 1423 sadis
1643 1354 1733 1426 circa
1758 1353 1944 1449 caringiutn

753 1450 951 1545 predictum,
984 1474 1045 1546 per
1067 1472 1185 1521 manus
1205 1449 1359 1543 proprias
1378 1448 1506 1522 ibidem
1527 1449 1569 1521 18
1587 1452 1643 1523 die
1661 1450 1846 1525 Decembr’
2027 1472 2047 1520 2
2103 1474 2149 1523 ro
2200 1474 2221 1541 7

802 1547 898 1622 D'no
924 1546 1114 1644 Rudulpho
1131 1549 1173 1619 de
1189 1544 1333 1630 Dalion,
1360 1546 1512 1637 cretico,
1539 1548 1637 1621 eunti
1663 1551 1698 1619 in
1717 1550 1817 1623 Com’
1833 1552 1945 1625 Ebor'

752 1670 818 1740 pro
836 1649 1010 1742 peditibus
1032 1649 1065 1720 in
1093 1646 1214 1721 eodem
1243 1649 1332 1720 com'
1350 1647 1488 1743 eligend
1519 1667 1553 1719 et
1579 1649 1729 1719 ducend’
1748 1649 1822 1743 usq’
1839 1650 1943 1724 Bete-

753 1748 876 1819 uicum
905 1747 1005 1841 super
1027 1746 1191 1819 Twedam
1220 1745 1263 1817 ad
1294 1748 1484 1818 exercitum
1513 1746 1554 1817 11.
1571 1745 1715 1833 ibidem,
1743 1773 1808 1844 pro
1837 1752 1942 1823 radiis

753 1867 788 1916 et
804 1847 956 1942 expensts
970 1845 1037 1917 suis
1050 1847 1096 1917 ab
1118 1845 1159 1919 18
1175 1842 1432 1917 dieNov’anno
1446 1866 1489 1931 27
1504 1844 1645 1919 finiente
1664 1844 1774 1940 usque
1793 1870 1838 1919 20
1851 1850 1941 1921 diem

750 1943 940 2017 Decembr’
972 1970 1061 2017 auno
1096 1941 1245 2041 presenti
1277 1962 1425 2035 utroque
1457 1945 1648 2037 compurat'
1682 1970 1745 2041 per
1787 1970 1833 2043 33
1868 1949 1941 2021 dies

317 2090 322 2098 -
389 2022 534 2099 Dalm·
749 2045 805 2138 31.
822 2044 1055 2116 63.-Ei‹tem
1083 2065 1148 2137 pro
1172 2040 1319 2115 denariis
1342 2040 1529 2134 peripsum
1552 2042 1670 2115 solutis
1698 2069 1763 2140 pro
1792 2048 1940 2141 paneriis¹

747 2164 783 2216 et
817 2144 933 2215 cordis
964 2139 1069 2238 empt'
1095 2142 1138 2212 ad
1163 2138 1252 2212 infra
1280 2138 1444 2213 truffand'
1465 2165 1534 2237 190
1559 2140 1594 2211 ii.
1620 2165 1704 2237 quas
1733 2147 1866 2241 recepit
1893 2151 1937 2218 ad

746 2242 951 2316 scaccarium
968 2242 1067 2337 super
1084 2239 1222 2323 vadium
1247 2238 1417 2315 disiorum
1438 2240 1607 2333 peditum,
1636 2262 1672 2313 et
1696 2265 1760 2336 pro
1779 2246 1939 2339 portagio

746 2361 781 2413 et
798 2342 949 2435 caringio
966 2340 1152 2413 eorundem
1162 2338 1280 2412 dertar'
1297 2338 1342 2411 de
1360 2336 1467 2411 Ebor'
1485 2338 1591 2432 usque
1609 2339 1818 2415 Berewicum
1832 2343 1937 2440 super

715 2440 927 2555 [Twedam
955 2440 1091 2532 9i.8d.
2021 2468 2043 2521 2
2098 2469 2142 2551 ¹5
2193 2456 2217 2531 3

794 2540 937 2636 Hugoni
955 2542 999 2612 de
1015 2538 1148 2637 Burgo,
1165 2534 1317 2625 Clerico,
1342 2535 1438 2612 eunti
1455 2535 1489 2609 in
1506 2536 1728 2611 comitatibus
1743 2536 1940 2615 Wessrnerl’

746 2656 782 2712 et
809 2639 955 2711 Cumbr’
982 2661 1049 2733 pro
1073 2636 1251 2732 peditibus
1273 2634 1403 2710 ibidem
1429 2633 1582 2733 eligend’
1607 2660 1641 2709 et
1668 2638 1814 2711 ducend'
1829 2638 1940 2736 usque

748 2738 959 2811 Berewicum
972 2737 1071 2833 super
1084 2736 1255 2862 Tptedam
1267 2732 1446 2849 utsupra:
1466 2758 1530 2848 pro
1544 2735 1692 2809 radiiset
1709 2757 1750 2807 ex
1777 2736 1859 2811 ends
1871 2740 1939 2813 suin

388 2924 437 2997 rt
454 2924 496 2998 n
512 2923 640 3022 turgt.
747 2832 1736 3029 3111151111ῖὲ,11111111,11111111
1763 2838 1941 3027 {iiiii

749 3057 790 3106 ac
808 3033 1000 3121 redeundo,
1025 3030 1232 3127 percipienti
1248 3053 1312 3125 per
1328 3030 1434 3118 diem,
1463 3031 1550 3103 tid.
2021 3058 2040 3108 2
2097 3061 2142 3141 ¹4
2191 3066 2219 3119 0

795 3133 917 3206 Fidem
947 3155 1012 3226 pro
1039 3129 1188 3203 denariis
1222 3151 1288 3225 per
1315 3129 1424 3225 ipsum
1453 3127 1571 3203 solutis
1604 3152 1670 3224 pro
1702 3131 1869 3204 conductu
1904 3152 1939 3209 et

747 3231 872 3327 cariag’
889 3229 1006 3327 225ti.
1023 3253 1108 3325 quas
1124 3228 1258 3325 recepit
1275 3228 1379 3323 super
1396 3228 1501 3302 radiis
1518 3226 1684 3302 diuorum
1701 3229 1857 3327 pediturn
1873 3231 1940 3308 sol·

744 3329 844 3409 tend’
869 3330 1027 3425 utsupra
2021 3352 2046 3405 0
2099 3354 2144 3437 17
2192 3358 2220 3417 ο

794 3431 932 3527 Rogeto
947 3431 990 3501 de
1008 3426 1142 3513 sutton,
1157 3426 1299 3501 Cierico
1316 3425 1485 3514 Canceii',
1511 3428 1607 3500 eunti
1625 3427 1660 3499 itt
1678 3427 1831 3500 comitat’
1846 3430 1939 3505 Not·

742 3530 896 3627 tingham
921 3550 956 3601 et
973 3527 1100 3622 Derby
1118 3550 1182 3622 pro
1204 3525 1383 3621 peditibus
1411 3527 1540 3599 ibidem
1557 3524 1707 3623 eligend'
1728 3545 1764 3601 et
1790 3528 1937 3604 ducend'

743 3633 851 3723 usque
868 3628 1093 3715 Berewicutn,
1122 3647 1162 3699 ut
1179 3625 1297 3724 supra3
1323 3649 1389 3720 pro
1408 3626 1515 3699 radiis
1541 3645 1576 3700 et
1602 3624 1759 3720 expensis
1783 3624 1848 3701 suis
1871 3652 1936 3725 per

387 3742 677 3818 suttonclericus,
702 3654 722 3891 ζ
743 3728 949 3824 supradictos
968 3724 1120 3822 36dies.
1146 3822 1165 3839 ..
1309 3821 1318 3838 .
1543 3821 1552 3838 .
2018 3743 2042 3797 ι
2096 3749 2142 3822 ¹4
2190 3754 2216 3809 0

794 3827 918 3899 Eidem
946 3848 1010 3920 pro
1039 3825 1186 3897 denarrts
1215 3844 1278 3915 pet
1309 3818 1421 3915 ipsum
1453 3821 1570 3897 solutu
1602 3846 1669 3916 pto
1699 3824 1870 3898 conductu
1902 3846 1935 3900 et

713 3894 892 4042 'catiagio
919 3924 1016 4019 1271.
1045 3944 1131 4017 quas
1165 3919 1295 4019 recepit
1320 3918 1421 4017 super
1448 3923 1553 3995 radiis
1584 3918 1756 3997 dislorum
1781 3924 1935 4021 peditum

714 4023 909 4123 [solvend’,
935 4024 1095 4116 utsupra
2012 4040 2041 4091 0
2095 4042 2140 4097 12
2187 4046 2214 4097 ο

793 4123 878 4195 uno
895 4122 1043 4216 Johanni
1061 4120 1103 4193 de
1118 4117 1262 4211 Seleby,
1287 4114 1428 4191 Cierico
1444 4116 1612 4204 canent,
1633 4121 1726 4193 eunti
1753 4122 1787 4195 in
1805 4118 1934 4217 episco-

745 4244 865 4320 patum
893 4220 1058 4292 Dunolm’
1080 4242 1146 4317 pro
1179 4216 1356 4312 peditibus
1389 4216 1519 4288 ibidem
1546 4218 1697 4315 eligend'
1722 4241 1755 4291 et
1785 4224 1934 4297 ducend'

745 4323 850 4419 usque
881 4318 1106 4406 Berewicum‚
1132 4337 1170 4389 ut
1200 4313 1318 4408 supra;
1349 4339 1416 4409 pro
1441 4315 1549 4390 vadiis
1579 4339 1613 4390 er
1644 4317 1796 4411 expensis
1822 4321 1932 4394 suisa

750 4422 791 4494 16
814 4421 869 4492 die
886 4417 1077 4491 Novembr'
1095 4438 1185 4488 anno
1213 4436 1257 4508 27
1277 4411 1417 4487 finiente
1443 4415 1546 4508 usque
1573 4437 1616 4512 27
1636 4415 1726 4489 diem
1744 4416 1934 4494 Decembr'

744 4544 834 4593 anno
862 4513 1008 4612 presenti
1042 4534 1190 4611 utroque
1218 4530 1431 4607 computato,
1467 4538 1528 4608 per
1562 4539 1610 4606 42
1639 4514 1711 4588 dies
1748 4540 1813 4610 per
1846 4543 1932 4613 quoe

743 4617 809 4692 suit
827 4616 1004 4689 intendens
1022 4614 1169 4711 negocio
1186 4629 1386 4698 memorato,
1404 4613 1609 4708 percipienti
1627 4638 1689 4708 per
1706 4614 1810 4702 diem,
1832 4620 1920 4690 183.
2012 4647 2035 4696 2
2091 4647 2136 4719 ¹4
2183 4651 2208 4708 0

792 4714 947 4789 Domino
964 4711 1113 4805 Johanni
1130 4714 1172 4785 de
1189 4708 1330 4803 suctu,
1356 4709 1497 4785 Clerico
1514 4713 1672 4786 Cancell'
1693 4737 1757 4807 pro
1783 4717 1932 4792 denariis

745 4814 934 4913 peripsum
961 4810 1076 4885 solutis
1094 4834 1158 4907 pro
1184 4808 1354 4885 conduttu
1371 4828 1406 4882 et
1431 4811 1579 4904 caringio
1607 4812 1701 4884 uoti.
1731 4836 1819 4909 quas
1835 4836 1931 4888 rece·

745 4918 795 5011 pit
813 4917 853 4985 ad
880 4911 1089 4985 scaccarium
1110 4909 1213 5009 supet
1235 4907 1342 4980 radiis
1367 4908 1521 5005 peditum
1546 4933 1609 5003 per
1639 4911 1749 5006 ipsum
1777 4912 1930 4986 ducend'

743 5017 787 5086 de
814 5014 931 5110 Epatu
957 5007 1127 5081 Dunolm'
1151 5009 1260 5103 usque
1282 5006 1498 5081 Berewicum
1531 5007 1632 5105 super
1659 5011 1827 5082 Twedatu
1862 5009 1929 5083 sol·

384 5076 524 5178 selebi·
741 5112 866 5185 reud’:
898 5127 932 5183 et
960 5130 1025 5205 pto
1050 5130 1121 5180 unu
1144 5105 1315 5180 hakeneio
1340 5105 1508 5179 condusio
1538 5133 1603 5205 pro
1626 5108 1820 5203 equitatura
1837 5108 1928 5223 ejus·

738 5212 816 5281 dem
844 5210 879 5283 in
907 5206 1085 5305 querendo
1111 5203 1315 5301 episcopum
1330 5203 1498 5278 Dunolm’
1527 5230 1606 5280 cum
1637 5206 1764 5279 summa
1792 5206 1928 5282 sesima·

736 5310 840 5395 tione,
869 5330 933 5401 per
958 5322 1153 5401 compotum
1181 5300 1309 5375 fadum
1335 5328 1415 5381 cum
1443 5306 1564 5384 eodem
1590 5307 1680 5405 apud
1710 5305 1926 5383 Berewitum
2015 5388 2018 5397 ,

739 5405 839 5505 super
855 5405 1025 5503 Twedam
1042 5424 1086 5479 22
1101 5402 1155 5477 die
1166 5400 1376 5481 Decembris
2004 5428 2030 5480 0
2084 5428 2126 5513 17
2175 5424 2212 5495 ο,

1326 5499 1364 5575 G
1773 5500 1927 5582 Domino
2108 5532 2110 5537 ·

385 4376 523 4476 Seleby.

384 4674 424 4749 P.
441 4674 504 4776 46.
