5375 6667
318 597 461 698 3170
649 587 918 678 nortis.
967 535 1412 664 nrsiruto
1457 586 1997 694 admonuerat,

716 809 738 895 s
804 798 971 874 Cornelio
993 798 1040 872 de
1067 795 1283 893 Gisrnglram,
1304 801 1461 890 val-letto,
1484 794 1628 890 Dueiffe
1661 799 1848 892 Brabaac’,
1881 799 1954 876 filie

757 897 875 994 Regis,
888 896 995 974 defer'
1012 919 1164 972 rumores
1176 899 1278 993 megi,
1296 897 1443 993 Regina,
1460 895 1663 996 etDamino
1678 891 1722 976 E.
1743 889 1817 974 filio
1826 897 1952 998 Regia,

756 999 801 1068 de
819 1019 920 1094 partu
938 999 1092 1095 ejusdem
1108 995 1251 1084 ducisse,
1270 997 1443 1089 videlieet,
1463 1001 1508 1070 de
1524 999 1596 1072 silio
1620 991 1683 1076 suo
1701 999 1950 1096 primogenlto,

759 1099 802 1170 de
828 1097 920 1170 dono
938 1097 1042 1195 llegis
1064 1119 1133 1173 100
1162 1096 1284 1186 marc',
1299 1101 1342 1172 de
1364 1099 1457 1171 dono
1472 1095 1611 1194 Regiae
1633 1123 1680 1189 50
1697 1095 1817 1187 matc',
1841 1121 1875 1172 et
1903 1101 1950 1172 de

758 1199 852 1268 dono
879 1195 963 1270 dieti
991 1195 1042 1268 sil'
1059 1193 1170 1293 Regia
1194 1219 1245 1287 40
1270 1195 1386 1284 mare,
1407 1221 1475 1292 per
1500 1195 1710 1272 scaccarium
1740 1197 1761 1274 8
1788 1199 1846 1272 die
1871 1193 1950 1272 No·

389 1050 532 1124 Ducisse

391 1149 597 1224 Brabancie.

722 1143 740 1369 l
1985 1291 2098 1370 1261
2203 1323 2230 1389 4

465 1395 503 1466 P·
534 1392 615 1467 ¹33·
810 1396 961 1467 lloberto
975 1394 1138 1479 Bernard,
1168 1415 1235 1490 pro
1251 1392 1406 1466 restauro
1430 1393 1532 1466 uniur
1555 1392 1638 1486 equi
1654 1391 1704 1466 sui
1732 1391 1826 1488 grisii
1847 1393 1948 1470 liardi
2104 1320 2125 1394 3

548 1520 558 1540 ·
760 1498 883 1567 mortui
915 1495 956 1566 in·
976 1491 1118 1566 servicio
1146 1493 1256 1588 Regis
1273 1494 1367 1586 apud
1392 1492 1528 1579 Feltou,
1556 1517 1620 1588 per
1635 1517 1756 1566 manus
1779 1497 1948 1596 propriae,
2035 1499 2038 1504 ’

758 1597 850 1689 apud
869 1589 1700 1691 Berewycumsup’lwedam‚19dieDecemb'
2031 1616 2052 1664 a
2104 1615 2128 1664 0
2202 1617 2227 1666 o

809 1690 981 1786 Magistro
998 1689 1150 1782 Johanni
1181 1693 1225 1766 de
1255 1693 1433 1780 Arderne,
1458 1717 1522 1788 pro
1551 1687 1705 1766 restauro
1734 1690 1837 1766 unius
1864 1693 1945 1790 equi

392 1791 567 1866 Ardeme.
759 1790 809 1864 sui
839 1789 909 1864 favi
938 1791 1061 1863 redditi
1091 1793 1133 1862 ad
1165 1789 1380 1864 elemofinam
1404 1792 1498 1885 apud
1526 1790 1607 1864 Ber’
1634 1790 1708 1888 sup’
1731 1789 1869 1877 Twed',
1895 1793 1948 1864 ul-

276 1893 281 1904 ’
757 1891 842 1964 tim'o
869 1893 927 1964 die
944 1889 1159 1977 Decembris,
1185 1913 1250 1986 per
1278 1912 1399 1962 marrus
1416 1891 1577 1984 propriae
1601 1889 1734 1964 ibidem
1759 1889 1873 1988 primo
1889 1890 1947 1964 die

756 1989 896 2081 Januar'
1115 2047 1117 2052 .

806 2088 965 2161 Gerardo
980 2085 1129 2174 Dorum,
1148 2111 1213 2184 pro
1239 2085 1391 2162 restauro
1409 2086 1510 2160 unius
1527 2085 1608 2180 equi
1633 2085 1682 2158 sui
1709 2086 1799 2184 nigri
1819 2088 1942 2167 mortui

710 2095 740 2401 Ι
756 2189 792 2260 in
822 2186 963 2262 servicio
980 2186 1082 2279 Regis
1099 2188 1194 2282 apud
1213 2184 1380 2260 cestriam
1398 2184 1510 2259 meuse
1523 2185 1712 2259 Decembr'
1729 2190 1772 2259 ad
1797 2211 1942 2286 compo·

758 2305 829 2360 tum
848 2288 961 2359 secum
979 2285 1105 2357 farrum
1124 2289 1216 2377 apud
1234 2284 1400 2377 Weslm',
1421 2307 1440 2383 7
1459 2287 1516 2356 die
1534 2277 1664 2358 Marcii

808 2385 961 2458 Domino
992 2387 1096 2456 Petro
1127 2387 1168 2456 de
1197 2384 1354 2469 eicem',
1382 2408 1449 2480 pro
1478 2383 1630 2456 restauro
1660 2382 1762 2458 unius
1787 2385 1869 2486 equi
1896 2383 1946 2458 sui

544 2473 552 2492 ⁸
644 2470 654 2501 s

658 2520 668 2542 e

712 2397 741 2691 {
758 2484 875 2582 grisei,
892 2482 990 2556 redd'
1008 2485 1049 2556 ad
1067 2482 1170 2557 elem’
1188 2486 1281 2577 apud
1298 2484 1403 2556 Cant’
1421 2480 1534 2555 mense
1547 2479 1725 2581 Februar',
1749 2507 1810 2580 per
1829 2505 1948 2559 manua

761 2587 932 2679 proprias,
950 2584 1043 2679 apud
1062 2578 1259 2654 Weslmorr'
1275 2603 1321 2678 23
1340 2583 1397 2654 die
1413 2581 1542 2654 Marcii

711 2692 745 3292 ἱ
809 2680 944 2755 Matild’
969 2686 1013 2753 de
1031 2683 1225 2769 Waltbam,
1253 2705 1319 2775 pro
1346 2679 1502 2754 restauro
1521 2679 1623 2754 unius
1642 2678 1723 2775 equi
1746 2677 1794 2754 sui
1824 2701 1945 2776 powys

758 2783 854 2855 redd’
868 2791 912 2853 ad
925 2782 1024 2856 elem·
1050 2780 1160 2855 mens’
1178 2779 1314 2871 Martii,
1339 2802 1541 2877 permadui
1560 2781 1720 2878 proprias
1735 2779 1879 2869 ibidem,
1897 2804 1945 2878 30

598 2880 609 2902 '
756 2884 811 2956 die
830 2882 956 2954 Marcii

807 2979 978 3075 Magistro
994 2979 1146 3073 johanni
1171 2976 1306 3067 Salsar’,
1331 3001 1397 3074 pro
1424 2973 1581 3052 restauro
1604 2978 1705 3052 uniet
1732 2974 1866 3054 runcini
1894 2977 1945 3056 sui

759 3082 831 3154 albi
850 3080 950 3152 redd’·
967 3084 1009 3152 ad
1037 3080 1135 3152 elem'
1156 3082 1251 3176 apud
1268 3077 1415 3153 Weslm'
1443 3077 1556 3152 mense
1573 3078 1717 3176 Aprilis,
1743 3103 1806 3178 per
1830 3101 1949 3152 manus
2073 3083 2077 3090 '

762 3180 1447 3378 Ρωῦἑξιῗέξιῖἱῗαὲιὲωᾶέῗέιιιιιιςεῐοῐά,
1475 3300 1543 3373 pro
1572 3273 1722 3350 restauro
1743 3274 1846 3348 unius
1869 3299 1950 3349 run·

600 3432 611 3458 .
761 3377 830 3450 cini
862 3378 910 3449 sui
946 3376 1043 3450 liardi
1078 3377 1215 3473 pomele
1247 3374 1344 3452 redd’
1381 3376 1424 3448 ad
1458 3374 1675 3450 karvannum
1704 3376 1800 3470 apud
1830 3373 1951 3446 Holm'

761 3475 873 3645 rsrtense
892 3475 1079 3644 {eptemba
1104 3499 1166 3571 per
1196 3498 1316 3550 manus
1342 3473 1502 3571 proprias
1525 3473 1618 3572 apud
1648 3474 1681 3548 la
1697 3469 1799 3561 Rose,
1829 3475 1952 3550 aodie

787 3575 935 3646 etern'
1696 3611 1708 3627 ·

807 3599 957 3765 iohanni
985 3671 1030 3744 de
1046 3670 1216 3746 Durolrn’
1233 3695 1301 3768 pro
1329 3672 1482 3746 restauro
1508 3669 1612 3746 unius
1627 3670 1766 3748 runcini
1789 3670 1842 3746 sui
1858 3695 1949 3747 mot·
2033 3615 2054 3668 2
2106 3615 2131 3667 ο
2205 3618 2231 3669 ⁰

388 3786 453 3866 De
465 3780 650 3859 Dunolm’.
764 3771 816 3842 tui
847 3773 882 3844 in
912 3770 1056 3845 servicio
1073 3769 1179 3868 Regis
1208 3773 1302 3870 apud
1330 3773 1526 3870 Twynham
1557 3768 1671 3848 mense
1695 3767 1858 3868 Augusti,
1888 3795 1950 3870 per

762 3894 881 3946 manus
898 3869 1055 3967 proprias
1070 3872 1165 3965 apud
1184 3871 1303 3944 Holm’
1322 3871 1343 3944 8
1362 3871 1421 3944 die
1439 3871 1536 3969 Sept'
2030 3914 2051 3963 2
2102 3911 2128 3963 0
2204 3916 2229 3967 ο

812 3969 975 4044 Gilberto
988 3968 1148 4060 Golstan,
1166 3993 1232 4066 pro
1249 3967 1407 4044 restauro
1419 3973 1522 4044 unius
1538 3968 1661 4044 someri
1678 3968 1727 4042 sui
1744 3970 1813 4044 albi
1839 3968 1949 4068 piole‚

396 4079 576 4156 Goldslan.
763 4091 798 4144 et
827 4068 923 4143 redd’
952 4069 1189 4182 aquarvtun’
1217 4070 1310 4166 apud
1338 4070 1532 4166 'l'wynham
1560 4069 1675 4183 mense
1692 4067 1859 4170 Augusti,
1888 4094 1952 4168 per

764 4165 1778 4362 maes:liitsirpdiailililiitsigilirlsomrgsiaisioiririgtsrstsomeri
1803 4267 1856 4343 sui
1872 4267 1947 4343 albi
2030 4211 2052 4261 2
2101 4209 2127 4259 ο
2202 4211 2229 4261 ο

396 4377 607 4457 Bodenham.
764 4367 861 4443 redd’
891 4369 934 4441 ad
960 4368 1172 4440 karvanmtm
1202 4367 1299 4461 apud
1320 4365 1512 4440 Karliolum
1534 4380 1575 4458 4·
1590 4365 1650 4440 die
1671 4365 1862 4460 Novemb’,
1883 4393 1948 4468 per

767 4491 886 4542 manus
901 4467 1057 4564 proprias
1073 4467 1197 4540 ibidem
1209 4468 1329 4540 eodem
1353 4465 1412 4540 die
2204 4507 2230 4558 ο

815 4567 981 4661 Magistro
1002 4566 1160 4638 Waltero
1179 4567 1222 4638 de
1240 4567 1393 4655 Cloune,
1420 4590 1486 4661 pro
1513 4559 1666 4638 restauro
1697 4564 1799 4638 unius
1827 4567 1949 4642 someri

399 4676 526 4752 Clone.
765 4668 813 4741 sui
832 4665 932 4764 grisei
962 4663 1089 4738 redditi
1116 4669 1156 4737 ad
1175 4665 1391 4739 elemosinam
1417 4661 1513 4760 apud
1529 4655 1719 4736 Karliolum
1742 4663 1854 4740 mense
1869 4665 1949 4741 No·

771 4765 938 4852 vembris,
957 4788 1021 4858 per
1039 4786 1160 4834 manus
1177 4766 1450 4858 propriasbdie
1465 4764 1678 4845 Novembris
2032 4801 2054 4850 2
2106 4801 2130 4850 ο
2205 4806 2229 4856 0

817 4866 893 4937 Elie
907 4863 1091 4948 Andowin,
1109 4883 1175 4956 pro
1191 4862 1342 4936 restauro
1359 4866 1461 4936 unius
1473 4863 1593 4937 someri
1612 4863 1660 4935 lui
1678 4862 1747 4936 albi
1765 4859 1889 4936 redditi
1907 4863 1951 4936 ad

400 4972 619 5066 Andewyne.
766 4961 984 5039 elemofilam
1009 4964 1100 5060 apud
1118 4960 1218 5036 Karl’
1248 4962 1359 5038 mense
1387 4962 1610 5050 Novembris,
1636 4987 1699 5058 per
1723 4985 1843 5040 manus
1866 4988 1951 5062 pro·

767 5062 1181 5160 priasbdieNotembr’
2034 5095 2055 5144 2
2105 5092 2131 5144 0
2203 5095 2230 5146 0

750 5239 752 5244 ,
815 5161 962 5234 Willrno
984 5164 1029 5233 de
1047 5158 1171 5247 Corbi,
1188 5184 1252 5255 pro
1269 5161 1423 5235 restauro
1449 5160 1551 5233 unius
1569 5157 1654 5258 equi
1680 5155 1731 5233 sui
1755 5159 1829 5236 albi
1854 5163 1949 5260 piole

392 5266 535 5364 corby.
765 5260 890 5334 redditi
910 5260 952 5332 ad
970 5259 1187 5336 elemosinam
1204 5258 1335 5338 ibidem
1367 5283 1411 5336 aa
1424 5262 1486 5338 die
1496 5259 1723 5352 Novembris,
1747 5284 1813 5360 per
1829 5285 1953 5336 manua

764 5359 922 5460 proprias
938 5358 1072 5436 ibidem
1791 5459 1828 5536 G
1906 5412 1933 5535 d·
2033 5392 2055 5444 2
2107 5391 2133 5443 o
2207 5387 2234 5442 ο

1831 5483 1954 5539 θΙἪθ
