5375 6667
231 721 245 808 l

249 823 258 850 ι
354 793 493 874 ratres
516 775 693 870 nibnres

352 897 391 988 io
409 896 569 990 capitulo

353 992 575 1097 prouinciali.

835 572 1739 661 sununs-tria.
2185 591 2237 671 43

714 788 854 888 Regios
874 792 980 865 roos
1010 788 1073 886 qui
1101 790 1297 866 allocantur
1319 789 1515 865 Willielmo
1542 789 1752 865 deMelton.
1800 785 1909 862 Etad
1988 784 2017 861 l·
2078 785 2108 858 ἒ.
2158 782 2198 857 ἃ.

711 892 932 1000 ¹Scaccarium
950 915 1013 1002 per
1028 915 1148 964 manus
1172 893 1287 1025 srptris
1306 892 1410 1013 Alani
1428 894 1472 965 de
1490 890 1599 990 Ebor’
1614 893 1706 964 unde
1718 889 1914 990 garderoba

715 1008 917 1162 oniiisiiiioii
932 990 1632 1188 diiusgbiiieuiieiiiussitio—Iiilgniriiapro
1668 1088 1816 1162 denariis
1848 1108 1913 1186 per
1974 1005 2018 1057 ιο

714 1189 823 1284 ipsum
848 1188 965 1261 solutis
991 1213 1057 1283 pro
1080 1209 1231 1284 quatuor
1260 1190 1415 1262 hukettis
1439 1211 1473 1262 et
1505 1215 1525 1264 τ.
1549 1190 1680 1285 lagenis
1702 1192 1823 1286 emptis
1847 1217 1913 1288 pro

698 1289 829 1362 ‚officio
861 1289 923 1361 suo
954 1288 1166 1361 elemosinar'
1190 1289 1285 1384 apud
1319 1290 1511 1364 Weshnoo'
1543 1297 1654 1363 mense
1679 1289 1813 1381 Marcii,
1848 1317 1930 1384 4³..

700 1389 811 1460 2-Et
828 1412 892 1482 pro
909 1390 1029 1461 denar’
1046 1413 1109 1484 ρετ
1126 1389 1234 1482 ipsum
1250 1388 1367 1461 solutis
1377 1391 1590 1484 pauperibus
1607 1412 1673 1485 ρετ
1685 1389 1755 1462 rias
1766 1391 1799 1463 in
1811 1391 1914 1465 itine-

699 1491 810 1562 {ribus
829 1489 964 1582 liegine
990 1490 1079 1562 inter
1096 1491 1254 1562 London’
1272 1508 1306 1561 et
1335 1487 1498 1562 Sanslum
1517 1490 1694 1562 Albanum
1718 1513 1782 1582 per
1809 1496 1911 1585 quin·

699 1603 783 1683 'que
809 1586 882 1659 dies
908 1606 988 1661 ante
1021 1611 1066 1660 10
1085 1586 1175 1661 diem
1193 1587 1342 1684 Aprilis,
1370 1614 1432 1683 ρετ
1458 1593 1550 1661 diem
1581 1593 1639 1660 23.
1677 1590 1738 1682 qui
1766 1592 1910 1684 quidem

696 1689 845 1759 ‘denarii
883 1711 954 1759 non
988 1689 1178 1760 allocantut
1209 1689 1245 1760 in
1279 1689 1395 1761 rotulo
1430 1690 1585 1783 hospicii,
1633 1690 1812 1761 tos-Et
1844 1714 1926 1786 pro

714 1785 832 1860 denar'
853 1787 944 1859 datis
961 1807 1025 1881 per
1041 1804 1245 1882 preceptum
1263 1789 1400 1883 Regina
1423 1811 1463 1876 ιτ
1484 1786 1696 1883 pauperibus
1722 1788 1778 1860 die
1796 1789 1912 1862 Paras-

700 1910 829 1973 τινες,
848 1909 1000 1980 quorum
1017 1890 1136 1958 eadem
1158 1886 1295 1984 Regina
1314 1886 1399 1958 lavit
1418 1889 1532 1981 pedes,
1549 1886 1695 1959 cuilibet
1711 1912 1830 1962 eorum
1850 1894 1927 1985 33·-

699 1982 779 2057 ,ista
794 1987 869 2058 tice
887 1986 1073 2083 393.-Et
1102 2010 1167 2077 pro
1192 1988 1308 2057 deoar'
1333 2011 1397 2082 per
1420 1987 1530 2082 ipsum
1547 1982 1634 2059 datis
1652 1988 1808 2081 quinque
1826 2014 1913 2085 pau·

716 2086 856 2177 peribus
877 2087 934 2158 die
953 2085 1092 2159 Venetis
1107 2087 1285 2178 sequente,
1303 2083 1445 2156 cuilibet
1464 2087 1529 2158 ὀᾶ.
1571 2090 1628 2158 τὲ.
1653 2085 1817 2158 6ᾶ.-Ετ
1839 2088 1912 2160 cui-

695 2184 793 2256 .:dant
817 2187 961 2279 pauperi
989 2186 1156 2258 monacho
1173 2186 1217 2256 de
1238 2185 1393 2279 partibus
1414 2184 1641 2259 transmarinis
1658 2185 1702 2257 de
1728 2185 1912 2262 elemosina

713 2283 867 2377 Regios,
893 2283 1139 2356 ass-Summa

762 2382 884 2456 Eidem
913 2408 980 2478 pro
1005 2385 1164 2456 denariis·
1177 2406 1241 2476 ρετ
1269 2380 1379 2477 ipsum
1395 2382 1511 2456 solutis
1528 2407 1589 2475 per
1621 2408 1643 2478 9
1661 2381 1736 2456 dies
1753 2379 1908 2473 Venetis,

696 2480 803 2553 inter
835 2482 885 2554 18-
897 2485 986 2555 diem
1004 2481 1184 2577 Septemb'
1199 2505 1271 2576 quo
1288 2483 1343 2554 die
1361 2481 1496 2577 Regina
1526 2482 1621 2556 venit
1647 2485 1690 2555 ad
1712 2483 1910 2558 comitivam

353 2579 533 2656 Pirticnle

354 2678 528 2755 olemolin’

355 2781 505 2879 Regin&

716 2582 826 2677 Regis
851 2585 943 2678 apud
973 2584 1023 2654 ha
1041 2583 1132 2654 Rose
1160 2583 1265 2677 nsque
1292 2605 1348 2676 19.
1363 2581 1452 2653 diem
1469 2579 1690 2682 Novembris,
1721 2606 1813 2654 anno
1832 2607 1910 2677 pre-

715 2682 794 2753 senti
813 2682 969 2768 finiente,
998 2684 1159 2777 quolibet
1187 2684 1245 2755 die
1275 2706 1294 2778 5
1317 2680 1544 2778 pauperibus,
1568 2682 1712 2755 cuilibet
1736 2685 1810 2756 eor'
1838 2686 1910 2758 od.

713 2787 799 2854 223.
825 2782 1061 2855 orl—niden
1090 2806 1157 2876 pro
1178 2780 1328 2854 denariis
1356 2806 1417 2872 per
1445 2782 1554 2875 ipsum
1578 2781 1762 2853 distributis
1781 2808 1912 2876 paupe-

714 2884 805 2953 ribus
833 2907 897 2976 per
913 2903 1114 2975 preceptum
1133 2883 1238 2973 Regis
1256 2889 1322 2973 pro
1340 2882 1453 2952 anima
1472 2882 1611 2951 Domini
1631 2882 1783 2975 Philippi
1800 2904 1913 2975 quon-

703 2979 792 3078 ''dam
810 2981 920 3076 Regis
937 2982 1079 3053 Francie
1098 2980 1203 3075 patris
1221 2978 1321 3075 ipfius
1341 2979 1475 3076 Regine
1500 2981 1556 3051 die
1573 2979 1806 3053 anniversario
1823 2981 1913 3074 ejus·

707 3087 806 3156 dem.
833 3086 917 3175 453.
950 3080 1131 3152 rosh-Et
1158 3104 1224 3173 pto
1240 3080 1387 3151 denariis
1406 3103 1465 3172 per
1485 3077 1593 3172 ipsum
1610 3079 1728 3152 solutis
1744 3082 1786 3150 ad
1806 3081 1928 3173 parti·-

716 3183 852 3270 cipand’
872 3205 904 3253 et
921 3179 1085 3252 oflerend’
1104 3181 1144 3249 ad
1166 3177 1520 3250 niiffamzcereotaiam
1545 3205 1610 3276 pto
1636 3181 1747 3252 anima
1763 3176 1930 3271 ejusdem

719 3278 901 3376 Philippi,¹
929 3303 954 3351 τ-
985 3279 1112 3353 ἓ.-·Ει
1142 3304 1206 3372 ρτο
1235 3277 1351 3351 demir'
1379 3305 1440 3370 per
1472 3279 1579 3369 iptnm
1610 3279 1723 3352 solutis
1751 3276 1931 3353 fratribus·

684 3383 989 3476 psallant-rous
1017 3377 1254 3471 Kar'iol'pr'o
1285 3400 1411 3474 putura
1440 3375 1498 3447 sua
1524 3380 1623 3451 unius
1644 3379 1713 3452 diei
1743 3401 1807 3472 ρετ
1835 3406 1931 3472 ρτε···

325 4394 584 4474 &oblaciones
692 4315 713 4549 i

360 4498 535 4570 cotidiane

359 4550 701 4782 DominiEdwardip

359 4695 422 4770 filii
439 4694 558 4792 Regis.

718 3501 858 3648 ceptum
890 3479 1033 3566 Regios,
1061 3477 1312 3599 (iistis-Et
1341 3475 1504 3549 fratribus
1539 3479 1726 3551 minoribus
1759 3477 1932 3574 ejusdem.

721 3579 1054 3773 Vliitppioeorieeiibi’
1067 3602 1149 3775 isti
1169 3676 1285 3775 ipsum
1306 3678 1425 3750 solutis
1455 3701 1517 3771 ρετ
1546 3699 1754 3775 preceptum
1776 3675 1935 3773 Reginc·

707 3779 928 3872 ¹pauperibus
941 3819 943 3826 ·
958 3777 1144 3872 capellanis
1176 3779 1349 3849 heremitis
1379 3776 1515 3849 reclusis
1536 3778 1760 3874 hospitalibus
1778 3777 1936 3850 diverso·

723 3875 810 3945 tolia
838 3879 962 3947 dimum
987 3898 1119 3973 tempus
1148 3874 1234 3949 sicut
1260 3896 1356 3971 patet
1374 3901 1435 3972 per
1457 3876 1640 3968 particulas
1657 3878 1824 3972 ejotdem,
1839 3901 1934 3975 pro

721 3976 877 4067 exequiis
893 3982 1040 4048 ‹loornm
1059 3978 1260 4071 garcionum
1290 3977 1335 4047 de
1365 3975 1520 4070 hospicio
1540 3973 1676 4069 Regiae
1699 3997 1935 4048 bromosum·

723 4083 814 4169 spuo
835 4073 1084 4147 Holmcoltram
1102 4095 1136 4148 et
1151 4076 1293 4147 Karliol'
1313 4078 1393 4170 tpi-
1418 4073 1476 4147 td·
1506 4099 1568 4166 pet
1585 4096 1783 4173 compotum
1802 4073 1918 4149 secum
1982 4075 1995 4098 ⁶

722 4170 850 4245 saelum
869 4178 961 4270 apud
980 4173 1217 4258 Feklrenbam,
1232 4175 1335 4245 tertio
1353 4175 1407 4242 die
1427 4174 1569 4265 Aprilis.
1619 4173 1764 4245 Summo

773 4274 926 4344 Domino
945 4273 973 4343 1³
992 4275 1035 4344 de
1055 4272 1151 4347 leel(
1174 4275 1355 4369 capellano
1372 4268 1515 4345 Domini
1534 4269 1693 4344 Edwardi
1719 4273 1779 4344 filii
1799 4274 1935 4366 Regis„
1969 4291 1974 4302 ·

722 4397 787 4462 ρτο
803 4371 1138 4469 oblacion’ejnsdem
1152 4370 1293 4443 Domini
1308 4371 1467 4443 Edwaroi
1481 4373 1677 4456 cotidianis,
1696 4396 1716 4445 a
1732 4376 1844 4469 primo
1861 4375 1918 4446 die

723 4472 838 4568 April’
871 4496 962 4543 aono
995 4472 1141 4569 proseliti
1175 4473 1236 4558 28,
1268 4471 1373 4565 usque
1404 4495 1446 4564 19
1474 4470 1567 4542 diem
1585 4471 1797 4545 Novembris
1828 4497 1939 4544 anno·

721 4575 847 4644 eodem
861 4571 1018 4659 finiente,
1036 4592 1187 4664 utroque
1206 4574 1328 4667 comp',
1346 4594 1407 4667 per
1427 4592 1498 4665 233
1514 4572 1598 4655 dies,
1616 4595 1678 4667 ρετ
1695 4571 1784 4643 diem
1805 4574 1937 4645 iile--

722 4671 1133 4780 per-compotumsecutn
1153 4669 1284 4741 sosium
1302 4670 1397 4766 apud
1413 4669 1635 4766 ¹lieclteoham
1661 4691 1681 4765 5
1711 4672 1767 4744 die
1785 4675 1932 4770 Aprilis>

691 4789 811 4867 [anno
829 4794 877 4866 29

445 4864 489 4940 Ρ.
505 4887 573 4957 42,

361 5086 576 5162 Oblationes

363 5186 501 5276 Regios

239 5293 247 5311 ·
360 5285 551 5364 cotidiani.

770 4870 926 4944 Domino
945 4868 1091 4942 Matheo
1117 4869 1299 4965 capellano
1313 4864 1467 4961 Regina,
1493 4892 1557 4962 pro
1575 4868 1814 4942 oblacionibus
1825 4870 1934 4968 ejus·-

723 4968 802 5042 dem
823 4970 956 5065 liegioe
973 4971 1169 5054 cotidianis,
1200 4992 1218 5037 a
1239 4969 1353 5039 18d1e
1371 4967 1468 5061 Sept'
1511 4969 1629 5039 nodie
1647 4971 1766 5041 eadem
1783 4965 1920 5061 Regina

724 5070 818 5141 venit
840 5070 882 5140 ad
903 5069 1036 5163 Regem
1049 5070 1148 5164 apud
1166 5070 1215 5138 La
1245 5067 1334 5136 Role
1353 5068 1454 5165 juxta
1506 5065 1618 5138 ailiol’
1634 5067 1745 5163 usqne
1766 5091 1808 5164 19
1827 5071 1937 5141 diem·

725 5168 920 5240 Novembr’
937 5191 1026 5240 anno
1044 5165 1191 5262 presenti
1217 5164 1373 5255 finiente,
1390 5183 1540 5259 utroque
1556 5187 1770 5264 computato,
1788 5190 1853 5260 per
1872 5167 1920 5266 63

727 5266 800 5339 dies
827 5265 973 5362 perc-ip','
990 5289 1056 5363 per
1079 5268 1170 5339 diem
1198 5266 1261 5361 36.
1334 5287 1484 5338 rmanus
1502 5263 1645 5336 Domini
1664 5265 1845 5340 Willielmi
1876 5273 1921 5340 de

726 5368 859 5442 Melton
872 5364 1034 5441 solientis
1046 5363 1265 5457 eidemden’,
1328 5384 1366 5439 ιιι
1383 5383 1481 5465 patet
1491 5387 1558 5461 -per
1573 5367 1725 5464 compot'
1740 5366 1889 5466 ejusdem

869 5539 893 5594 2
1771 5521 1921 5616 Cuidaru
