5375 6667
1058 603 1177 714 ρος
1214 606 1337 705 cu
1382 605 1417 686 u
1462 605 1495 682 1·
1527 590 1610 700 At?

616 822 852 908 Firmaculum
865 817 956 910 auti,
981 816 1091 920 precii
1109 838 1132 920 5
1149 817 1253 894 marc'
1278 866 1324 894 ..
1351 864 1363 892 .
1412 817 1571 894 offertut
1588 843 1651 920 pet
1666 815 1788 896 Diiurn
1805 818 1943 898 Radum
1964 823 2010 902 de
2025 824 2171 902 Mantott
2188 853 2252 903 tto·

1461 919 1553 993 mine
1566 919 1700 1018 Regine
1719 922 1761 991 ad
1779 919 1943 998 feretrum
1960 924 2077 1001 saneti
2094 928 2253 1027 Hugonie

1461 1021 1497 1093 in
1515 1020 1611 1093 Eccl’
1628 1021 1829 1093 cathedrali
1844 1020 2007 1096 Lincolu'
2020 1051 2070 1116 24
2081 1030 2137 1101 die
2151 1030 2258 1108 Maii.

619 1122 853 1214 Firmaculum
870 1119 959 1212 auri,
985 1117 1096 1219 precii
1111 1116 1131 1190 8
1150 1115 1252 1192 matc’
1271 1166 1283 1191 .
1312 1165 1322 1189 .
1350 1163 1361 1189 .
1411 1117 1569 1192 Offe‘rtur
1584 1143 1648 1217 per
1663 1117 1795 1216 Regem
1813 1121 1857 1192 ad
1869 1121 2038 1199 feretrum
2056 1126 2174 1200 Saulii
2187 1125 2252 1221 Jo-

1463 1219 1586 1291 hannis
1615 1219 1648 1290 in
1676 1220 1825 1292 Ecclesia
1856 1223 2032 1317 collegiali
2054 1226 2250 1316 Beverlaci‚

616 1416 852 1495 firmaculum
870 1415 955 1505 auti,
982 1416 1090 1514 precii
1106 1416 1128 1489 6
1146 1418 1249 1493 marc'
1267 1436 1302 1489 et
1318 1413 1366 1488 di’
1414 1319 2099 1513 OlieliltltiirBpgirllalceugffnpagoeffflum
2131 1420 2251 1497 Sanlle

1299 1539 1301 1543 ·
1456 1515 1665 1592 Etheldrede
1695 1518 1729 1589 in
1747 1511 1897 1592 Ecclesia
1923 1515 2096 1594 Prioratus
2114 1522 2252 1598 Elienl’

1456 1613 1551 1701 7die
1568 1613 1670 1690 Maii.
2308 1696 2313 1705 ,

604 1710 848 1791 ‘firmaculum
869 1713 958 1801 tritri,¹
978 1712 1086 1810 pretii
1107 1733 1129 1809 5
1147 1712 1250 1788 marc’
1261 1730 1296 1788 et
1312 1712 1360 1785 di’
1407 1711 1563 1787 Offertur
1599 1738 1661 1809 per
1693 1712 1826 1811 Regem
1861 1715 1909 1787 ad·
1940 1715 2101 1791 feretrum
2136 1719 2250 1793 seneli

1460 1812 1624 1907 Hugonis
1645 1816 1677 1886 itt
1693 1813 1842 1887 Ecclesia
1857 1814 2055 1891 Cathed'tali
2074 1820 2250 1910 Lincolrt',

1459 1915 1550 2003 apud
1566 1911 1727 1987 Liucoln'
1747 1937 1795 2006 24
1810 1912 1866 1985 die
1884 1914 1985 1989 Maii.

614 2006 844 2082 firmaculum
864 2008 951 2101 auti,
977 2009 1084 2110 precii
1103 2012 1146 2107 51
1149 2056 1358 2084 .....
1409 2008 1572 2082 Offertur
1602 2035 1665 2106 per
1694 2010 1830 2082 natum
1861 2012 1904 2085 de
1934 2014 2080 2086 mamm
2111 2016 2249 2092 nomine

1458 2110 1595 2204 Regine
1623 2112 1665 2183 ad
1692 2108 1853 2182 feretrum
1881 2112 1992 2186 Sancti
2020 2112 2190 2205 Johertuie
2214 2119 2248 2189 in

1399 2211 1402 2218 '
1460 2208 1608 2282 Ecclesia
1626 2208 1798 2302 collegial’
1814 2208 1993 2283 Beverl‘aei
2008 2236 2052 2304 29
2072 2214 2127 2284 die
2144 2214 2247 2289 Maii.

613 2303 848 2380 Firmaculum
866 2307 954 2397 auti,
979 2305 1086 2406 precii
1106 2307 1126 2379 8
1145 2306 1281 2379 matc'.
1309 2353 1358 2381 ..
1409 2306 1564 2380 offertur
1598 2333 1661 2400 per
1697 2310 1822 2401 Regem
1854 2311 1894 2381 ad
1928 2311 2111 2406 imaginem
2146 2315 2247 2386 beate

1459 2408 1570 2478 Matie
1597 2408 1629 2477 in
1649 2411 1782 2501 capella
1805 2410 1848 2479 de
1874 2406 2127 2506 Walfiugham,
2153 2415 2249 2509 apud

1460 2504 1697 2602 Walsmglrttm
1720 2526 1762 2601 15
1778 2508 1835 2577 die
1850 2507 1949 2580 Maii.

613 2601 846 2682 firmaculum
864 2602 953 2691 auri,
975 2600 1085 2701 precii
1104 2600 1126 2675 8
1145 2600 1282 2676 marc’.
1309 2647 1320 2672 .
1349 2647 1359 2671 .
1409 2598 1568 2674 Offettur
1587 2627 1647 2699 per
1659 2603 1787 2697 Regem
1807 2607 1848 2676 ad
1864 2605 2030 2680 feretrum
2048 2606 2158 2680 saneti
2177 2609 2247 2684 Ed·

1459 2703 1575 2774 mundi
1603 2701 1637 2775 in
1657 2702 1806 2777 Ecclesia
1825 2704 2009 2779 Abbathie
2032 2705 2115 2780 dieti
2134 2708 2247 2783 Sanfti

1460 2801 1552 2898 apud
1570 2800 1742 2873 Saullum’
1761 2801 1979 2877 Rdmurtdum
2003 2829 2046 2880 το
2060 2803 2114 2878 die
2132 2806 2232 2880 Maii.

614 2899 847 2978 Firmaculum
861 2897 950 2991 auri,
975 2898 1086 2996 precii
1104 2899 1126 2973 6
1144 2898 1249 2975 matc‘
1263 2917 1298 2973 et
1312 2898 1360 2972 di’
1411 2899 1569 2972 Offertut
1587 2926 1649 2996 ρετ
1669 2901 1788 2975 Dirum
1806 2904 1842 2998 J.
1859 2906 1903 2977 de
1927 2905 2006 2975 But’
2026 2905 2161 2978 nomine
2182 2907 2248 2980 Re·

1459 2996 1539 3092 gine
1557 3002 1652 3093 apud
1675 3002 1857 3095 imaginem
1885 3004 1983 3076 beare
2000 3002 2112 3076 Marie
2138 3004 2172 3076 in
2190 3029 2247 3081 ca·

1460 3100 1553 3194 pella
1571 3101 1615 3172 de
1634 3100 1870 3193 Walfingham
1895 3124 1938 3199 15
1958 3103 2015 3175 die
2034 3103 2135 3173 Maii.

616 3196 851 3274 Firmaculum
867 3193 953 3288 auri,
980 3196 1130 3295 preciis
1149 3197 1280 3273 matc'.
1306 3245 1317 3269 .
1342 3245 1355 3272 .
1409 3197 1562 3272 Mittitur
1589 3222 1650 3296 ρετ
1669 3199 1860 3272 Hertricum
1887 3202 1929 3272 de
1948 3204 2070 3273 Monte
2094 3200 2246 3277 Peffula-

1458 3319 1504 3370 no
1531 3297 1639 3392 usque
1658 3295 1821 3373 cantuae
1839 3299 1881 3371 ad
1906 3296 1999 3370 ofl‘er’
2016 3300 2154 3375 nomine
2172 3303 2247 3377 Re·

1458 3396 1537 3489 gine
1565 3401 1606 3471 ad
1635 3398 1801 3472 feretrum
1827 3398 1938 3471 Saulli
1965 3398 2114 3489 Thome‚
2141 3424 2161 3471 2
2189 3401 2247 3478 die
2347 3411 2355 3430 '

1485 3494 1550 3567 an’.

613 3593 846 3670 Fitmaculum
864 3596 955 3685 auri,
981 3592 1087 3691 precii
1108 3614 1129 3688 5
1149 3590 1280 3664 matc’.
1309 3637 1319 3661 .
1347 3639 1358 3662 .
1409 3494 1561 3665 Mlititur
1578 3617 1640 3692 ρετ
1661 3595 1693 3687 Js
1711 3593 1754 3664 de
1771 3593 1929 3689 Langele
1945 3595 2053 3691 usque
2070 3595 2203 3695 Rypou
2224 3604 2245 3676 8

1457 3691 1512 3764 die
1530 3691 1616 3783 Juu’
1632 3693 1676 3764 ad
1694 3692 1790 3765 oller'
1802 3694 1936 3768 nomine
1950 3696 2086 3792 Regir'te
2098 3700 2139 3769 ad
2154 3697 2248 3773 fere·

1458 3810 1548 3864 trum
1567 3791 1674 3865 santii
1693 3792 1864 3876 Willridi,
1891 3795 2033 3867 ibidem.

615 3890 848 3968 Firmeculum
867 3890 957 3977 auri,
984 3887 1092 3990 precii
1118 3886 1280 3980 5matc'-.
1308 3934 1318 3958 .
1346 3937 1356 3961 .
1405 3886 1561 3962 Offettur
1575 3913 1639 3987 pet
1657 3887 1774 3963 Dium
1794 3892 1930 3964 Rullum
1948 3894 1992 3963 (le
2008 3892 2171 3982 Mantua,
2186 3920 2247 3968 riu·

1456 3989 1547 4060 mine
1565 3990 1698 4085 Regine
1716 3993 1757 4062 ad
1776 3989 1941 4063 feretrum
1961 3991 2071 4063 saneti
2090 3993 2195 4066 Willi
2211 3996 2245 4068 itt

1455 4085 1608 4162 Ecclesia
1626 4087 1825 4163 Cathedml’
1841 4090 1947 4164 Ebut’
1970 4113 2014 4188 13
2031 4089 2085 4164 die
2103 4091 2201 4186 Juu'.

614 4188 846 4264 Firmaculum
864 4188 953 4276 auri,
978 4186 1125 4283 precii9
1151 4185 1280 4259 matc’.
1307 4232 1351 4257 ..

616 4386 948 4477 Firmaculumauri,
975 4385 1080 4485 precii
1100 4404 1119 4487 7
1138 4383 1245 4459 utare'
1270 4434 1280 4457 .
1306 4431 1356 4456 ..
1407 4382 1563 4457 Offettur
1592 4406 1655 4499 ρετ
1689 4384 1822 4477 Regem
1857 4386 1897 4457 atl
1931 4384 2096 4460 feretrum
2128 4388 2241 4463 saneti

1458 4484 1563 4555 Willi
1597 4507 1631 4556 m
1659 4482 1809 4558 Ecclefia
1836 4482 2038 4559 cathedrari-
2060 4486 2169 4562 Ebot¹
2201 4514 2243 4586 13

1456 4583 1512 4655 dle
1556 4583 1637 4656 unii·

617 4682 851 4766 firmaculum
867 4683 957 4775 auri,
983 4678 1093 4779 precii
1111 4680 1134 4753 6
1153 4685 1279 4756 marc'.
1301 4686 1315 4755 ’τ
1347 4731 1358 4756 .
1407 4584 1562 4757 offeruit
1590 4706 1653 4780 pet
1681 4703 1886 4780 preceptum
1913 4684 2018 4778 Regis
2046 4706 2108 4778 pet
2126 4684 2248 4759 Dmm

1457 4781 1664 4853 Edwardum
1692 4782 1797 4853 filium
1827 4783 1929 4877 iplius
1951 4784 2058 4879 Regis
2086 4784 2126 4856 ad
2156 4783 2246 4857 fere·

1456 4900 1544 4953 trum
1565 4879 1676 4952 saneti
1694 4880 1879 4954 Cuthberti
1899 4884 1932 4954 itt
1948 4880 2095 4956 Ecclesia
2108 4880 2248 4956 Priora·

1457 4997 1512 5055 tut
1530 4978 1698 5053 Duuolm'
1721 5005 1730 5049 t
1741 5001 1761 5078 5
1781 4980 1837 5051 die
1855 4982 1946 5076 Juu'.

604 5078 853 5160 rimaturum
871 5082 960 5169 auri,
985 5078 1088 5179 precli
1107 5104 1129 5179 4
1148 5084 1280 5155 mttc'.
1307 5091 1319 5154 .’
1344 5132 1356 5155 .
1406 5077 1560 5151 Offertut
1590 5101 1651 5175 pet
1680 5076 1800 5150 Dium
1825 5078 1952 5173 Jollem
1981 5080 2022 5151 tle
2047 5078 2163 5152 Drok’
2183 5107 2246 5155 no·

1456 5178 1545 5249 mitte
1565 5176 1696 5270 Regiue
1714 5178 1755 5249 ad
1783 5176 1944 5254 feretrum
1962 5178 2074 5252 SurrRi
2091 5178 2246 5254 Edutun·

1456 5276 1504 5365 di,
1531 5275 1643 5350 meuse
1663 5276 1759 5349 Maii.

391 5457 433 5533 Γ·
447 5475 520 5560 270
633 5479 795 5657 ajocalia
805 5480 895 5584 Regi
907 5480 988 5557 dare
1001 5498 1036 5586 er
1053 5473 1127 5576 poll
1140 5474 1308 5555 decellum
1325 5481 1538 5577 prelatorum
1551 5475 1640 5575 Regi
1655 5472 1802 5550 restituta
1821 5500 1909 5551 anno
1923 5475 2066 5572 presenti
2086 5473 2246 5552 vicelimo

609 5608 631 5660 ο
665 5607 741 5658 ato.
2000 5613 2003 5618 ·

750 5861 888 5935 Summa
902 5857 1017 5935 totalis
1031 5854 1123 5935 tituil
1135 5855 1177 5930 de
1187 5852 1364 5949 Jocalibut
1381 5851 1503 5952 emptis
1523 5870 1604 5927 curu
1623 5851 1822 5927 Aurlfabria
1931 5875 1951 5924 2
1955 5845 2040 5947 53l·
2064 5875 2076 5924 1
2086 5848 2244 6041 5]ἔόςῖἷίῒᾶ

1012 6059 1040 6116 ⁴
