5375 6667
390 568 517 647 180·
642 509 2003 686 uours,uusruun0uquonurntre.

716 770 917 944 ljuhapn}
929 770 974 844 de
991 771 1166 942 ngkeu',
1184 791 1220 848 et
1232 773 1361 848 redditi
1387 773 1432 846 ad
1449 769 1667 848 karrannum
1683 729 1782 869 'aprus
1798 769 1946 848 Karliul’
2001 775 2027 850 s.
2093 777 2124 850 3.
2180 777 2219 852 8.

712 929 737 1007 ἰ
751 893 1019 1068 negligam?
1018 896 1185 1057 Kisrsliolo,
1198 995 1263 1068 pru
1281 969 1433 1047 restauro
1448 970 1555 1046 unius
1573 963 1695 1046 bobini
1712 971 1795 1063 arbi,
1814 993 1939 1074 appre·
2002 897 2045 948 ιο
2101 899 2144 972 ¹3
2196 903 2224 970 4

752 1069 831 1142 ciati
867 1076 903 1144 in
937 1096 1063 1170 guerra
1098 1073 1232 1163 scocie,
1279 1093 1314 1146 et
1349 1071 1471 1144 redditi
1507 1072 1549 1144 ad
1587 1069 1803 1144 elemofinam
1844 1071 1939 1170 apud

394 1178 453 1251 De
469 1167 663 1250 Karliolo.'
709 1017 903 1402 ‘nanim’
932 1173 1043 1246 mense
1063 1172 1211 1268 Augurii
1244 1173 1280 1246 in
1314 1169 1500 1270 principio,
1533 1195 1599 1267 per
1630 1193 1750 1246 manus
1782 1172 1940 1272 proprius

755 1294 818 1368 per
835 1293 939 1344 rrces.
2019 1307 2048 1378 4
2095 1307 2120 1355 0
2195 1308 2220 1356 0

806 1370 962 1445 Roberto
991 1370 1035 1443 de
1064 1369 1271 1459 Brinclresse,
1311 1370 1454 1444 ruilerto
1480 1368 1554 1442 Diii
1583 1369 1723 1442 Thome
1752 1369 1797 1442 de
1823 1370 1943 1444 Chau-

759 1470 895 1557 combe,
921 1494 987 1566 pro
1019 1470 1172 1546 restauro
1198 1471 1300 1545 unius
1326 1470 1461 1542 runcini
1489 1470 1539 1541 sui
1571 1470 1660 1567 nigri
1689 1470 1789 1542 liardi
1815 1495 1941 1568 uppre-

397 1636 604 1710 Brinchesse.
716 1412 746 1957 ι

758 1571 840 1642 cinti
868 1594 933 1666 pro
957 1571 1079 1642 eodem
1105 1572 1139 1642 in
1159 1594 1286 1664 guerra
1302 1569 1424 1641 Scocie
1451 1593 1542 1642 anuo
1565 1570 1725 1664 presenti,
1752 1592 1786 1642 et
1815 1569 1941 1642 redditi

684 1671 686 1676 ’
758 1670 800 1740 ad
835 1667 1047 1742 karvauuum
1093 1673 1186 1764 apud
1223 1669 1370 1740 Karliol'
1411 1667 1524 1741 mense
1558 1665 1754 1741 Novembr'
1784 1670 1822 1740 in
1856 1669 1940 1742 deu'

755 1769 855 1842 asloc'
871 1769 1027 1842 Domino
1054 1767 1212 1862 Johanni
1241 1771 1284 1841 de
1303 1767 1464 1842 Droke'u’
1481 1766 1514 1839 iu
1533 1769 1683 1863 q'uodam
1700 1790 1862 1868 compoto
1880 1769 1941 1844 suo

753 1892 844 1940 auno
861 1892 908 1965 30
2003 1897 2049 1947 ιο
2103 1897 2146 1974 ¹3
2197 1900 2225 1972 4

806 1968 961 2042 Domino
989 1967 1139 2062 Johnnni
1169 1969 1214 2041 de
1232 1967 1432 2055 Cambhou,
1458 1989 1524 2062 pro
1553 1962 1702 2039 restauro
1729 1966 1834 2042 unius
1862 1967 1943 2060 equi

761 2068 860 2142 liardi
880 2069 1038 2162 bauzeyn
1058 2092 1136 2140 cum
1158 2089 1308 2162 quatuor
1327 2069 1472 2162 pedibus
1491 2065 1595 2152 albis,
1623 2065 1769 2162 apprec'
1791 2091 1858 2160 pro
1875 2067 1946 2138 Ed·

398 2175 595 2252 Cambhou.
763 2169 889 2240 mundo
918 2170 961 2241 de
985 2167 1237 2266 Rokesburgh,
1272 2169 1414 2243 ,valletto
1448 2167 1519 2252 suo,
1546 2191 1612 2261 pro
1637 2166 1828 2238 munitione
1863 2167 1945 2239 ville

760 2267 927 2341 Berewici
961 2293 1053 2348 anno
1084 2269 1163 2360 27⁰,
1192 2291 1227 2340 et
1253 2268 1378 2340 mortui
1404 2267 1439 2341 in
1466 2268 1583 2340 eadem
1613 2263 1803 2340 munitione
1829 2263 1942 2339 mense

758 2366 909 2459 Jannarii
930 2393 1019 2439 anno
1037 2365 1184 2460 presenti
2022 2379 2047 2449 4
2121 2376 2148 2428 ο
2197 2379 2225 2430 t)

807 2467 961 2539 Domino
977 2466 1128 2557 Johunni
1146 2468 1190 2540 de
1215 2465 1444 2552 Newenham,
1470 2488 1535 2559 pro
1562 2462 1716 2538 restauro
1738 2466 1839 2538 unius
1859 2487 1940 2535 rnu-

716 2609 720 2614 -
758 2567 825 2637 ciui
843 2565 892 2636 sui
911 2565 1010 2638 liardi
1037 2567 1185 2659 pomele,
1203 2565 1392 2662 appreciati
1411 2588 1473 2661 pro
1490 2565 1608 2636 eadem
1628 2561 1824 2637 municione
1849 2587 1939 2636 anno

397 2698 613 2776 Newenham
759 2663 921 2761 presenti,
940 2690 1005 2758 pro
1024 2665 1177 2742 liuberto
1196 2663 1324 2760 Copin,
1351 2663 1494 2736 valletto
1512 2663 1587 2752 suo,
1609 2685 1642 2736 et
1660 2663 1783 2736 redditi
1806 2663 1849 2734 ad
1870 2663 1938 2734 eie·

617 2753 627 2777 ⁰
758 2765 848 2838 mos’
867 2763 975 2862 Regis
1005 2765 1099 2858 apud
1119 2762 1326 2837 Berenicum
1344 2764 1444 2861 super
1461 2765 1626 2838 'l‘wedam
1655 2761 1843 2860 primodie
1861 2767 1937 2834 Au·

753 2862 1085 2962 gustiannoeodem
2023 2881 2045 2954 5
2123 2859 2145 2929 6
2198 2857 2218 2930 8

806 2961 896 3035 Rieo
915 2963 1040 3048 Lovel,
1069 2985 1135 3058 pro
1153 2959 1302 3038 restauro
1332 2963 1434 3037 unius
1452 2961 1583 3036 runcini
1613 2963 1723 3052 badii,
1751 2960 1942 3060 appreciati

757 3063 1002 3160 pr0Walrero
1030 3062 1125 3149 Tris,
1156 3064 1249 3135 socio
1278 3061 1340 3137 suo
1377 3063 1411 3134 in
1444 3088 1572 3160 guerra
1601 3063 1757 3158 predina
1795 3084 1829 3135 et
1863 3063 1951 3134 red··

756 3165 818 3234 uiri
864 3165 906 3233 ad
941 3161 1081 3234 elemos'
1115 3163 1209 3257 apud
1239 3161 1476 3259 Rokesburgh
1512 3161 1624 3234 meuse
1657 3159 1836 3248 octobris,
1877 3183 1941 3253 per

755 3262 904 3355 compot'
922 3262 1035 3334 secum
1065 3259 1194 3335 fretum
1220 3262 1312 3358 apud
1339 3260 1578 3362 Rokesburgh
1601 3283 1640 3335 ιι
1663 3264 1720 3336 die
1747 3259 1942 3340 Decembr'

2001 3380 2045 3431 ιο
2096 3385 2120 3434 0
2196 3386 2220 3432 0

806 3457 961 3534 Domino
996 3459 1149 3553 Johanni
1186 3457 1323 3544 Ruffel,
1364 3483 1432 3554 pro
1477 3459 1627 3534 restauro
1662 3458 1763 3531 unius
1803 3459 1939 3531 runcini

758 3561 844 3629 clar’
865 3561 968 3642 badii,
988 3560 1175 3655 appreciati
1190 3581 1254 3654 pro
1271 3559 1431 3651 johanne
1449 3561 1493 3634 de
1511 3557 1626 3654 Bussy,
1645 3561 1785 3630 valtetto
1806 3557 1881 3645 suo,
1905 3559 1942 3630 in

758 3681 881 3750 guerra
911 3655 1081 3751 predistrn
1112 3681 1204 3730 anno
1230 3657 1395 3750 presenti,
1418 3681 1451 3731 et
1480 3657 1574 3730 redd'
1599 3659 1640 3728 ad
1661 3657 1828 3729 karrann’
1845 3659 1941 3751 apud

758 3756 904 3829 Karliol’
922 3757 943 3826 6
972 3758 1026 3854 die
1046 3755 1240 3829 Novembr'
1257 3780 1349 3831 anuo
1374 3759 1544 3851 predisio,
1568 3781 1633 3852 per
1656 3758 1812 3852 compot'
1828 3756 1941 3834 secum

757 3855 834 3928 sasi’
852 3859 943 3950 apud
962 3855 1105 3929 Wesim'
1126 3857 1244 3929 rodie
1259 3853 1344 3947 Julii
1359 3880 1448 3928 anno
1465 3866 1543 3954 30⁰>
1996 3882 2041 3956 23
2119 3861 2143 3934 6
2196 3865 2218 3937 8

808 3956 968 4028 Gilberto
1000 3955 1183 4029 Braconar'
1220 3975 1255 4029 et
1284 3955 1439 4029 Guidoni
1472 3959 1517 4030 de
1551 3955 1741 4046 Bedesord,
1776 3955 1837 4050 qui
1866 3954 1942 4032 fue·

756 4073 837 4127 runt
854 4056 988 4148 pedites
1013 4055 1101 4128 iufra
1121 4055 1354 4128 municionem
1370 4055 1467 4129 castri
1485 4059 1528 4128 de
1545 4055 1720 4141 Strireiin,
1738 4076 1772 4127 et
1790 4054 1943 4155 affignat'

757 4156 800 4226 ad
828 4157 988 4252 garizou’
1018 4155 1093 4227 suas
1118 4157 1296 4228 habendas
1325 4156 1361 4229 in
1392 4156 1526 4228 diverfis
1559 4156 1745 4243 abbathiir,
1774 4157 1819 4230 de
1845 4157 1939 4229 douo

756 4255 860 4350 Regis
878 4255 1015 4328 nomine
1028 4255 1203 4352 expensar’
1214 4255 1365 4345 suarum,
1388 4255 1531 4328 cuilibet
1545 4280 1663 4328 eorum
1679 4254 1800 4328 dimid'
1816 4259 1937 4344 mure,

395 4443 494 4519 Mt
551 4448 571 4518 d
726 4356 734 4502 Ι
752 4379 821 4524 ii&
848 4378 967 4526 magus
984 4357 1143 4452 proprias
1170 4357 1261 4450 apud
1280 4355 1436 4453 Burgum
1462 4354 1582 4428 subtus
1601 4357 1785 4451 Stayumur
1820 4355 1860 4426 18
1880 4356 1938 4430 die

424 4471 532 4522 eres
576 4470 596 4520 e
793 4479 891 4527 ovem
920 4455 948 4526 ι’

397 4548 584 4642 Striresyn.
803 4551 954 4646 Johanni
982 4553 1026 4624 de
1052 4552 1260 4643 Yatindene,
1284 4552 1345 4651 qui
1373 4551 1440 4625 suit
1468 4554 1591 4627 eodem
1616 4554 1718 4626 mo‘do
1747 4554 1792 4626 de
1820 4553 1938 4626 eadem

755 4655 945 4726 munitione
962 4647 1126 4749 assrgnaro
1142 4656 1263 4725 eodem
1291 4655 1395 4726 modo
1420 4657 1462 4726 ad
1489 4653 1645 4746 garizon'
1663 4652 1755 4724 suam
1779 4645 1939 4747 capiend’

754 4755 798 4826 de
828 4754 920 4824 donn
938 4753 1043 4848 Regis
1073 4755 1208 4824 numine
1242 4752 1467 4846 expensarum
1497 4752 1642 4838 suarum,
1672 4769 1744 4823 tarn
1774 4755 1938 4827 morando

723 4829 788 4976 lin
819 4851 893 4923 cur'
919 4874 998 4924 anre
1027 4856 1168 4925 eandem
1197 4853 1473 4948 aslignacionem,
1503 4878 1607 4947 quam
1638 4855 1754 4926 eundo
1784 4853 1827 4923 ad
1855 4876 1937 4924 ean·

755 4956 833 5024 dem
863 4950 1054 5045 garisonam
1085 4971 1121 5024 ut
1151 4954 1266 5047 supra,
1296 4977 1361 5046 per
1389 4975 1506 5024 manus
1534 4956 1704 5048 proprias,
1740 4972 1808 5026 tarn
1841 4951 1939 5048 apud

724 4979 916 5134 [KarsinK
934 5075 1036 5146 quam
1054 5053 1146 5146 apud
1167 5052 1318 5144 Burgum
1338 5053 1449 5123 meuse
1467 5052 1688 5138 Novembris,

805 5150 979 5222 Ades-lert
998 5150 1303 5240 deLanbrnscayt,
1325 5155 1368 5222 de
1383 5149 1472 5222 cum'
1485 5149 1645 5239 Cumbr',
1664 5152 1698 5220 in
1709 5150 1810 5248 cujus
1826 5147 1936 5222 dorni·

756 5251 821 5320 bus
842 5250 921 5320 Rex
941 5249 1174 5343 hospitabatur
1202 5249 1236 5318 iu
1254 5249 1379 5320 recessu
1409 5249 1468 5320 suo
1495 5251 1539 5320 de
1559 5252 1711 5338 partibus
1730 5249 1845 5322 Scorie
1862 5274 1936 5321 ver-

754 5349 807 5420 sus
826 5349 985 5434 Kursioi’,
1005 5348 1116 5422 mense
1135 5348 1328 5441 Septembr'
1347 5347 1436 5418 anu'o
1463 5353 1525 5426 26,
1540 5351 1581 5418 de
1597 5351 1690 5420 douo
1709 5349 1812 5447 Regis
1829 5349 1863 5419 in
1881 5375 1934 5421 res

752 5445 1062 5546 compensatiouem
1077 5449 1306 5544 dampnorum
1336 5469 1407 5541 que
1436 5446 1588 5522 susiruuir
1612 5445 1646 5520 in
1670 5447 1776 5542 blnd’,
1794 5470 1829 5524 et
1859 5449 1934 5520 aliis

1441 5569 1444 5574 ·
1833 5549 1937 5623 bouis
