5375 6667
814 569 1188 652 'EMPTIO
1242 569 1878 688 antonn013n2on
2224 601 2294 680 ³⁵7

787 775 911 850 nent.
932 775 1005 850 ruo.
1027 776 1189 869 sontum,
1225 754 1612 871 rrtr..i'.Eiden,'pro
1639 777 1895 872 aequinomi
1921 800 1971 871 24
2049 779 2078 853 r.
2126 778 2157 851 1.
2219 778 2258 851 o.

682 929 698 958 ,.
797 876 867 947 dnl'
886 877 955 948 tini
983 877 1026 948 de
1057 879 1147 950 resia
1165 877 1253 975 prisa
1282 879 1327 949 de
1355 878 1444 948 tinio
1468 878 1683 950 venientibus
1702 878 1809 974 usquo
1833 899 1972 973 portum

797 974 951 1048 Brisiosl’
978 1001 1067 1048 anno
1085 978 1253 1070 predicto,
1279 999 1342 1070 pro
1369 977 1472 1068 quolt
1493 975 1674 1071 dol’o5i.
1691 974 1776 1050 sicut
1801 995 1898 1073 paret
1914 1004 1976 1075 per

797 1073 1128 1169 comp'predisium,
1159 1077 1235 1149 181.
1286 1075 1429 1147 Summa
2015 1075 2084 1174 136
2159 1102 2184 1150 o
2233 1095 2258 1144 0

846 1174 984 1261 Eidem,
1011 1198 1074 1267 pro
1095 1174 1233 1247 diversis
1259 1173 1359 1258 mifir,
1375 1171 1541 1246 custubns
1559 1194 1595 1250 et
1610 1174 1767 1267 expensis
1790 1175 1977 1271 peripsum

799 1293 833 1344 et
864 1271 950 1344 alios
981 1274 1118 1346 nomine
1136 1274 1196 1345 suo
1213 1274 1307 1344 sociis
1333 1293 1398 1367 per
1413 1273 1504 1345 vicet
1529 1293 1563 1344 ct
1592 1274 1752 1366 appositis
1784 1278 1871 1347 circa
1899 1278 1978 1349 rina

800 1371 959 1462 predisia,
994 1372 1114 1457 ridest,
1153 1394 1220 1469 pro
1249 1373 1407 1465 coriagio
1433 1392 1507 1444 taor.
1526 1397 1587 1468 per
1614 1372 1762 1445 caresins
1780 1396 1885 1467 quarn
1916 1398 1980 1470 per

799 1469 932 1557 barcis,
959 1467 1098 1564 srettag’
1114 1474 1311 1544 eorumdem
1336 1471 1508 1558 vinorum,
1533 1472 1682 1566 corcag’,
1707 1471 1895 1570 discarcag’
1914 1498 1980 1570 pro

801 1570 925 1641 eisdem
945 1568 1032 1640 vinis
1057 1568 1250 1665 hospitond'
1267 1572 1301 1643 in
1320 1569 1427 1641 celar'
1444 1593 1506 1664 per
1524 1571 1601 1643 soca
1626 1570 1773 1655 diversa,
1798 1573 1978 1671 guindag',

802 1669 940 1764 tawag'‚
954 1668 1087 1764 rumag’
1102 1690 1137 1741 et
1155 1668 1311 1763 weytag’,
1329 1668 1548 1763 lodnranoag'
1565 1689 1601 1742 et
1617 1670 1764 1767 celerag'
1780 1674 1981 1746 eorumdem

804 1766 971 1847 vinorum,
994 1768 1112 1839 circui’
1139 1784 1174 1841 ct
1197 1769 1326 1840 doucss'
1350 1768 1457 1861 empt’
1480 1793 1546 1863 pro
1572 1770 1780 1862 quibusdam
1808 1771 1912 1843 doliir
1937 1772 1981 1844 li·

805 1868 925 1961 gandis
951 1886 984 1938 et
1000 1868 1216 1952 emcndand',
1242 1866 1391 1966 ssipend’
1406 1867 1655 1963 cuppariorum
1681 1871 1799 1940 eodem
1822 1868 1917 1942 dolia
1943 1870 1985 1942 li·

804 1966 1985 2165 ts?{siitrestitistiistissstssissss‘tsssss

807 2163 938 2251 noctes,
951 2165 1070 2260 denor'
1087 2164 1186 2237 solut'
1201 2167 1377 2238 attornatir
1393 2163 1546 2265 ejusdem
1560 2165 1640 2236 Ade
1659 2166 1693 2236 in
1709 2163 1849 2240 direrhs
1866 2190 1988 2261 portu·

807 2264 873 2334 hus
892 2264 1022 2356 Anglie
1051 2263 1124 2357 ipso
1152 2264 1289 2337 absente
1317 2288 1387 2360 pro
1403 2264 1489 2336 vinis
1515 2265 1684 2336 arestand'
1702 2285 1738 2337 et
1764 2267 1924 2361 copieod’
1940 2267 1987 2338 ad

806 2384 896 2454 opus
914 2363 1033 2456 Regis,
1060 2361 1207 2457 stipend’
1231 2365 1332 2436 unior
1362 2364 1480 2435 clerici
1509 2363 1677 2436 scribenc'
1699 2364 1830 2437 divorsa
1859 2388 1987 2440 merno-

807 2461 915 2532 randa
943 2460 1094 2533 officium
1123 2464 1202 2536 dicti
1232 2465 1313 2535 Ade
1343 2464 1529 2557 tangencia
1562 2459 1651 2534 infra
1677 2481 1815 2557 ternpus
1848 2465 1986 2555 predic·

807 2578 892 2642 turn,
927 2579 961 2631 et
996 2584 1070 2654 pro·
1091 2561 1167 2634 asiis
1199 2559 1319 2634 minut’
1344 2561 1497 2633 cusiibns
1527 2582 1561 2632 et
1589 2561 1746 2653 expensis
1773 2559 1867 2634 sosiis
1890 2563 1985 2636 circa

807 2657 885 2728 vina
903 2659 1161 2750 predista,s1cut
1179 2681 1273 2754 patet
1291 2683 1352 2753 per
1367 2679 1567 2752 compotum
1586 2658 1812 2751 supradictum
2014 2674 2085 2748 439
2162 2672 2183 2744 5
2237 2647 2297 2736 61

859 2753 993 2842 Eidem,
1013 2781 1080 2851 pro
1102 2757 1206 2833 sendo
1234 2757 1294 2830 suo
1311 2760 1413 2853 quod·
1425 2756 1574 2855 percipit
1590 2760 1727 2830 racione
1743 2756 1849 2830 officii
1865 2756 1916 2832 sui
1939 2761 1986 2835 de

810 2874 885 2932 toto
901 2880 992 2929 anno
1009 2858 1154 2952 presenti
2019 2870 2067 2923 20
2084 2847 2201 2921 marc’·

771 3089 773 3094 ·
844 3048 1001 3146 Expcns'
1017 3052 1153 3148 Regino
1171 3053 1206 3127 in
1225 3052 1544 3149 perhendinacione
1562 3050 1622 3126 sua
1642 3069 1746 3126 extro
1769 3051 1972 3128 comitivam

1241 3155 1350 3251 Regis
1362 3177 1427 3249 per
1443 3155 1548 3225 vices.

497 3297 539 3376 P.
559 3323 645 3402 292.
780 3271 843 3461 Γ
860 3293 988 3395 Μεξτο
1004 3297 1117 3370 Willo
1146 3299 1188 3369 de
1216 3296 1369 3393 Chesoy,
1394 3295 1495 3370 Thes
1496 3296 1506 3328 ’
1525 3293 1606 3367 Diie
1635 3296 1832 3393 Margarete
1849 3292 1989 3392 Regino

811 3394 951 3488 hughe,
972 3395 1133 3469 consortis
1146 3395 1264 3491 Regis,
1283 3421 1349 3490 pro
1366 3395 1508 3492 expcos’
1522 3393 1667 3488 hospicii
1684 3394 1834 3490 ejusdem
1852 3394 1989 3488 Regino

807 3495 1073 3587 perhendinant'
1106 3517 1202 3571 extra
1237 3497 1309 3567 cnr’
1344 3497 1455 3587 Regio
1481 3495 1577 3588 apud
1604 3493 1763 3565 Sanctum
1794 3491 1986 3579 Albanum,

813 3593 1027 3687 Wyndesore
1045 3615 1079 3667 et
1097 3594 1191 3685 alibi,
1218 3621 1239 3668 a
1258 3619 1304 3665 20
1322 3595 1379 3668 die
1395 3593 1591 3666 Novembr'
1608 3616 1698 3664 anno
1724 3591 1870 3685 presenti
1894 3593 1985 3663 rice-

809 3692 888 3764 srmo
921 3693 1040 3766 ottavo
1076 3694 1272 3788 incipiente,
1306 3695 1416 3788 usque
1453 3715 1495 3764 12
1530 3694 1621 3766 diem
1661 3691 1801 3786 Aprilis,
1838 3711 1987 3784 utroque

809 3814 1021 3884 computato,
1051 3793 1085 3864 in
1111 3795 1227 3865 denar’
1284 3795 1365 3883 uris,
1401 3809 1439 3863 ut
1467 3789 1501 3862 in
1533 3816 1637 3887 pane,
1669 3789 1750 3888 tino
1780 3814 1844 3882 per
1870 3791 1988 3880 dietas,

811 3887 944 3976 cervis’,
986 3892 1162 3980 cornibus,
1204 3819 1311 3989 pisci,
1355 3892 1499 3987 pnsetr’,
1542 3888 1665 3971 sassar',
1710 3887 1827 3976 busco,
1874 3888 1988 3976 litera,

812 3988 894 4060 feno
912 4011 945 4061 et
964 4015 1083 4076 arena,
1103 3993 1179 4064 rad’
1197 4012 1229 4063 et
1248 3995 1321 4064 asiis
1343 3987 1536 4062 necessariis
1553 3987 1684 4059 divertis
1703 3988 1824 4082 emptis
1848 4011 1914 4079 pro
1930 4010 1990 4057 ex·

813 4086 910 4182 pcns’
928 4089 1067 4183 hospicii
1096 4091 1236 4185 predisii
1257 4117 1319 4186 per
1344 4092 1433 4161 idem
1451 4110 1598 4178 tempus,
1626 4086 1779 4178 exceptis
1799 4083 1845 4179 56
1864 4084 1989 4156 diebus

814 4212 876 4279 pcr
904 4212 988 4280 quos
1015 4213 1146 4261 tanturn
1167 4193 1357 4262 aslocannn·
1384 4189 1418 4259 in
1437 4187 1550 4260 rotulo
1576 4184 1721 4279 expcns'
1740 4183 1883 4276 hospicii
1908 4207 1988 4275 pre-

812 4287 903 4374 dicti,
930 4289 1006 4358 rad'
1031 4290 1147 4362 scutis’
1165 4289 1324 4361 existent'
1342 4291 1384 4360 ad
1410 4288 1486 4362 rad'
1511 4287 1544 4356 in
1571 4286 1686 4356 rotulo
1714 4282 1795 4354 mar'
1814 4283 1901 4353 dicio
1920 4284 1988 4354 Re·

813 4389 905 4476 gine,
926 4392 1077 4481 eoquod
1096 4389 1263 4460 residuum
1278 4385 1424 4483 expcns’
1440 4384 1591 4482 ejusdcm
1607 4382 1749 4475 hospicii
1769 4382 1936 4452 allocarur
1953 4381 1987 4454 in

781 4476 790 4626 ἱ
812 4493 924 4558 rotulo
954 4489 1099 4584 hospicii
1119 4490 1225 4582 Regis
1255 4487 1464 4581 percostsem
1485 4483 1637 4580 560113,
1665 4507 1725 4575 per
1752 4504 1842 4576 quos
1871 4483 1990 4551 eadent

782 4631 789 4686 Ι
815 4587 944 4674 Regina
970 4586 1032 4657 fnit
1055 4590 1086 4658 in
1115 4590 1273 4658 comitiva
1290 4585 1402 4681 Regis
1427 4585 1519 4676 opud
1547 4581 1766 4673 Wyndesore
1792 4599 1824 4648 ct
1843 4579 1990 4650 Wcstm’

783 4686 903 4785 pinna
940 4705 1073 4778 tempus
1107 4686 1344 4780 strproriisinrn,
1388 4683 1471 4753 sicut
1502 4701 1596 4776 patet
1632 4706 1693 4776 per
1720 4680 1869 4751 rotnsurn
1899 4675 1991 4775 ejus·

812 4785 890 4855 dein
909 4783 1052 4876 hospicii
1072 4787 1105 4855 in
1125 4786 1260 4879 gorder’
1280 4785 1378 4855 siher'
1395 4807 1457 4875 per
1476 4780 1666 4852 Dominum
1686 4779 1810 4848 Wisint
1832 4777 1877 4847 de
1898 4777 1992 4849 Mel·

815 4906 887 4971 ton,
913 4881 1061 4956 cosserar¹
1078 4888 1207 4978 garrier'
1223 4881 1376 4985 ejusdcm
1403 4880 1550 4975 Regine,
1583 4879 1674 4973 opnd
1699 4875 1917 4950 heckenharn
1944 4897 1992 4969 30

814 4983 868 5056 die
888 4987 1011 5056 Marcii
1032 5010 1119 5055 anno
1139 5007 1183 5076 29
2005 5002 2093 5076 1791
2151 5003 2196 5053 10
2246 5001 2271 5056 0

863 5083 997 5167 Eidem,
1024 5109 1086 5179 pro
1110 5079 1339 5155 consimilibus
1364 5076 1506 5167 expcns'
1525 5075 1666 5169 hospicii
1694 5074 1781 5143 dicte
1809 5072 1947 5168 Regino
1972 5097 1991 5144 a

813 5189 933 5288 quinto
964 5188 1018 5259 tsie
1040 5187 1139 5269 hlaii,
1164 5207 1235 5275 quo
1262 5177 1316 5250 die
1345 5178 1475 5249 recessit
1505 5175 1548 5245 de
1579 5179 1672 5264 Rege
1703 5173 1794 5264 apud
1812 5171 1990 5257 stanford,

814 5292 921 5382 usque
958 5309 998 5376 17
1029 5285 1121 5357 diem
1154 5277 1361 5377 Septernbr’‚
1388 5299 1531 5368 utroque
1561 5293 1770 5366 computato,
1805 5273 1919 5344 eundo
1948 5271 1990 5340 de

783 5417 792 5501 Ι
814 5385 977 5462 Stansord
996 5384 1102 5479 usquc
1116 5382 1338 5469 Brotherton,
1352 5371 1638 5473 perhendinando
1652 5372 1785 5447 racione
1800 5391 1915 5464 partus
1927 5367 1991 5540 sip,

1878 5489 1947 5542 cun
1972 5493 1997 5541 0
