5375 6667
892 613 1154 694 vanu
1213 611 1819 705 NAUTAnum,&c.
2196 564 2282 718 '279

475 813 519 894 Ρ.
537 837 621 914 213.
757 812 779 896 s
835 813 983 891 winmo
1001 819 1032 888 le
1047 817 1144 912 Heyr
1161 836 1197 891 et
1214 814 1364 912 Johanni
1377 816 1543 912 Gregori‚
1562 815 1684 912 magro
1701 817 1804 888 unius
1820 814 1911 910 galie
1925 834 1960 890 et
2029 817 2054 890 1.
2125 819 2156 893 ἓ.
2204 821 2243 894 ὅ.

785 913 886 987 unius
921 916 1043 1010 bargie
1075 918 1145 988 Dfii
1181 916 1325 990 Simonis
1360 917 1405 989 de
1438 919 1562 989 Monte
1591 925 1723 1002 Aemo,
1764 942 1825 1008 pro
1856 918 1963 988 vadiis

785 1013 848 1086 sui's
887 1033 923 1086 et
960 1017 1064 1087 trium
1104 1014 1434 1089 constabulariorum
1469 1036 1503 1087 et
1544 1035 1590 1110 95
1626 1011 1793 1086 sociorum
1826 1015 1963 1086 suorum

782 1131 959 1184 nautarum
985 1115 1181 1185 earumdem
1209 1116 1297 1208 galie
1325 1135 1361 1186 et
1393 1115 1522 1205 bargie,
1549 1140 1566 1182 a
1595 1115 1707 1206 primo
1737 1111 1793 1184 die
1812 1113 1961 1207 Augusti

784 1210 888 1303 usque
909 1231 952 1306 25
971 1213 1063 1284 diem
1082 1213 1294 1304 Septembr’,
1320 1230 1469 1304 utroque
1487 1217 1615 1304 comp’,
1642 1235 1705 1303 per
1724 1212 1769 1304 56
1788 1211 1871 1294 dies,
1897 1235 1963 1302 per

784 1308 894 1402 comp'
911 1307 1041 1380 sakkum
1060 1333 1138 1382 cum
1155 1309 1268 1381 Wino
1286 1313 1320 1384 le
1337 1308 1426 1382 Heir
1445 1312 1537 1406 apud
1557 1308 1822 1394 Holmcoltram,
1840 1308 1961 1386 ultimo

782 1407 1055 1500 dieSeptembr’
2019 1421 2063 1504 73
2120 1428 2163 1478 10
2212 1427 2238 1480 0

751 1521 774 1600 s
832 1507 946 1580 Willo
964 1508 1100 1590 Burter‚
1126 1509 1244 1605 magro
1261 1506 1305 1578 de
1323 1507 1357 1577 la
1372 1503 1485 1579 Gracc
1498 1503 1591 1577 Dieu
1617 1506 1661 1576 de
1675 1507 1788 1591 Leno,
1816 1508 1962 1579 moranti

781 1627 859 1675 cum
893 1606 1012 1678 eadem
1045 1604 1121 1678 navi
1156 1604 1258 1699 super
1293 1603 1459 1677 cosseram
1492 1605 1593 1676 maris
1629 1603 1749 1693 Scocie
1781 1609 1891 1678 versus
1927 1609 1959 1679 le

781 1698 890 1791 Frith,
918 1727 983 1800 pro
999 1703 1109 1775 vadiis
1136 1701 1252 1774 suiset
1281 1726 1329 1792 49
1348 1703 1414 1774 soc’
1432 1699 1571 1775 suorum
1602 1721 1782 1773 nautarum
1806 1704 1960 1798 ejusdem

779 1803 884 1884 navis,
913 1825 973 1896 per
989 1803 1008 1872 3
1024 1803 1111 1889 dies,
1137 1804 1256 1899 magro
1274 1799 1337 1872 ὀᾶ.
1358 1821 1390 1871 et
1416 1801 1500 1872 cunt
1517 1803 1663 1873 aliorum
1691 1825 1751 1892 per
1767 1803 1858 1872 diem
1893 1805 1956 1898 33.

781 1923 840 1994 per
860 1921 980 1970 manus
998 1900 1072 1972 Ric’
1088 1901 1132 1971 de
1159 1899 1399 1994 Bremesgrave
1417 1901 1574 1973 solventis
1592 1901 1625 1970 ei
1645 1899 1723 1972 den’
1741 1903 1833 1993 apud
1853 1902 1957 1974 Bere·

780 2019 914 2092 wycum
935 1997 1034 2090 super
1051 1999 1212 2070 Twedam
1233 2021 1277 2095 27
1292 2001 1347 2068 die
1364 1997 1510 2091 Augusti
2039 2017 2061 2094 5
2136 2023 2161 2072 0
2208 2025 2234 2075 0

416 2288 600 2370 DeLenn.

829 2095 1011 2169 Benedifio
1034 2099 1079 2169 de
1102 2096 1334 2190 Cantebrigg‚
1366 2099 1485 2193 magro
1508 2097 1629 2190 bargie
1651 2096 1696 2168 de
1726 2100 1858 2188 eadem,
1885 2125 1957 2173 mo·

779 2197 867 2266 ranti
882 2197 999 2267 eodem
1013 2195 1126 2280 modo,
1138 2219 1204 2288 pro
1215 2197 1323 2266 vadiis
1336 2193 1401 2266 suis
1417 2217 1452 2267 et
1470 2219 1519 2286 40
1532 2195 1599 2267 soc'
1609 2194 1746 2268 suorum
1760 2219 1957 2290 nautarum,
2034 2258 2040 2268 .

778 2319 841 2390 per
870 2293 960 2366 idem
988 2311 1139 2388 tempus,
1165 2297 1306 2366 cuilibet
1335 2317 1397 2388 pet
1426 2295 1516 2368 diem
1542 2315 1582 2364 ut
1613 2295 1720 2390 prius,
1745 2321 1809 2394 per
1838 2322 1957 2374 manus

776 2393 924 2491 ejusdem
943 2392 1020 2464 RiEi
1036 2393 1162 2464 ibidem
1180 2394 1300 2466 eodem
1317 2390 1374 2462 die
2034 2425 2061 2492 4
2135 2417 2157 2476 2
2208 2426 2233 2476 ο

826 2491 969 2584 Hugoni
1000 2495 1044 2562 de
1073 2489 1218 2575 Merler,
1245 2493 1364 2588 magro
1390 2489 1433 2560 de
1461 2488 1492 2560 la
1510 2489 1674 2584 Godyere
1701 2492 1745 2564 de
1774 2493 1893 2568 eadem
1918 2513 1955 2569 et

775 2609 818 2684 23
840 2587 906 2662 soc'
923 2588 991 2660 suis
1009 2591 1135 2676 nautis,
1162 2614 1224 2684 pro
1238 2595 1371 2675 eodem,
1396 2588 1562 2681 peridem
1581 2611 1729 2686 tempus,
1756 2616 1817 2685 per
1834 2619 1955 2668 manus

773 2687 924 2786 ejusdem
942 2687 1017 2756 Riei
1035 2685 1163 2756 ibidem
1183 2689 1303 2758 eodem
1321 2687 1378 2757 die
2037 2719 2056 2767 2
2135 2699 2156 2772 8
2207 2723 2231 2772 0

822 2785 948 2856 Matho
965 2786 1009 2856 de
1028 2784 1242 2875 Donewyco,
1268 2783 1427 2876 magistro
1445 2785 1488 2856 de
1516 2787 1549 2856 la
1569 2785 1735 2858 Nicholas
1759 2787 1800 2858 de
1820 2791 1950 2878 eadem,

774 2885 915 2954 moranti
932 2883 1054 2954 eodem
1077 2885 1177 2954 modo
1201 2905 1234 2954 et
1258 2883 1297 2952 18
1317 2880 1381 2952 soc'
1398 2879 1463 2950 suis
1488 2885 1614 2972 nautis,
1646 2909 1710 2980 pro
1727 2887 1859 2973 eodem,
1886 2913 1951 2984 per
2233 2971 2237 2976 ,

742 2959 860 3180 [idem
878 3000 1025 3076 tempuS,
1051 3004 1115 3075 per
1134 3004 1250 3052 manus
1268 2980 1422 3078 ejusdem
1440 2979 1517 3050 Ριίδί
2036 3015 2050 3062 1
2109 2991 2152 3063 13
2203 3016 2228 3066 0

808 3371 948 3448 Summa
966 3373 1075 3448 totalis
1092 3372 1182 3450 tituli
1201 3376 1243 3448 de
1262 3375 1334 3450 vad’
1348 3395 1527 3450 nautarum
1960 3406 2000 3454 12
2008 3403 2053 3480 33
2130 3407 2153 3479 9
2205 3387 2225 3456 8

1578 5411 1921 5486 IIXPENSIS
