5375 6667
726 567 1902 740 'nxnsmstsNtJ-NCtouUmac.
2205 651 2310 748 ψῃ

826 850 869 922 13
893 827 950 900 die
975 826 1075 914 Maii,
1105 825 1208 901 Petro
1226 829 1259 900 le
1276 821 1450 918 Messager
1471 823 1628 921 garcioni
1645 823 1719 898 Diri
1737 824 1885 898 Walteri
1908 824 1954 897 de
2034 815 2062 895 l.
2117 827 2146 897 ἓ.
2194 826 2235 902 ἃ.
2304 789 2321 854 ”

773 928 869 1001 Bello
897 948 1018 1019 campo
1047 928 1128 1015 sen’‚
1152 927 1307 999 redeunti
1335 926 1378 995 ad
1393 925 1538 995 eundem
1555 923 1744 996 Dominum
1762 923 1858 996 suum
1875 947 1954 998 cum

771 1026 879 1099 lrterrs
897 1025 1016 1136 Regis
1047 1049 1114 1118 pro
1132 1024 1277 1121 espens
1295 1023 1365 1094 suls
1383 1020 1427 1093 stc
1445 1022 1665 1095 redeundo
2033 1046 2057 1095 o
2135 1048 2153 1122 3
2206 1053 2230 1100 o

713 1195 716 1202 .
820 1124 953 1197 Eodem
979 1122 1048 1208 die,
1077 1124 1234 1196 Roberto
1261 1123 1304 1194 de
1324 1116 1515 1193 Maneseud
1539 1120 1664 1191 nuncio
1696 1115 1811 1190 Dm
1788 1119 1950 1193 Edwards
2018 1153 2025 1166 ·

714 1205 717 1228 ¹
764 1221 830 1295 filii
848 1222 953 1317 Regis
979 1223 1140 1294 redeunti
1159 1224 1201 1292 ad
1233 1221 1379 1294 eundem
1404 1219 1593 1291 Dominum
1620 1218 1716 1291 suum
1742 1241 1820 1291 cum
1843 1217 1949 1293 literis

729 1303 897 1533 lRegis‚
873 1345 976 1417 pro
995 1322 1137 1412 expeus
1151 1318 1216 1391 suis
2029 1341 2053 1391 o
2128 1342 2157 1392 2.
2202 1348 2241 1398 0-

812 1442 859 1513 15
886 1420 944 1490 die
971 1419 1070 1503 Maii,
1106 1416 1261 1511 Johanni
1292 1415 1460 1514 Whitiug
1503 1413 1581 1488 cok’
1621 1414 1785 1488 deserenti
1829 1416 1945 1490 literas

762 1516 825 1590 sub
843 1516 949 1613 figillo
967 1516 1154 1590 Dominor'
1183 1516 1358 1608 Johannis
1383 1518 1426 1588 de
1446 1515 1550 1587 Merk
1567 1535 1601 1586 et
1620 1515 1714 1587 Radi
1732 1515 1776 1586 de
1795 1514 1945 1591 Manton

761 1615 990 1714 Reginaldo
976 1616 1122 1712 janitori
1139 1614 1249 1711 Regis
1276 1637 1343 1709 pto
1361 1615 1509 1710 negotiis
1537 1613 1637 1709 ipfius
1654 1614 1774 1707 Regis,
1800 1639 1865 1710 pro
1883 1642 1945 1689 ert·

761 1714 863 1805 pens’
880 1715 946 1787 suis

808 1811 944 1887 Eodem
960 1813 1027 1899 die,
1056 1811 1196 1906 Hugoni
1219 1815 1263 1885 de
1280 1767 1453 1904 eriteby
1478 1812 1606 1884 nuncio
1630 1808 1797 1884 deserenti
1824 1810 1940 1883 literas

715 1853 737 2080 Ι
758 1910 867 2007 Regis
878 1913 1033 1986 Domino
1050 1912 1082 2002 J
1093 1913 1136 1982 de
1151 1911 1267 1985 Drok'
1283 1933 1317 1985 et
1333 1912 1490 2008 magillro
1502 1910 1583 2003 Jol'ri
1601 1910 1701 1995 Bush,
1716 1932 1779 2004 pro
1797 1909 1940 2004 expenl'

758 2010 825 2083 suis
839 2012 955 2085 eundo
971 2031 1005 2082 et
1024 2012 1198 2083 redeundo

806 2110 939 2181 Eodem
957 2111 1028 2197 die,
1059 2108 1221 2182 Gilberto
1247 2109 1292 2181 de
1310 2107 1559 2204 Lutegarshale
1583 2105 1664 2182 cok'
1691 2105 1801 2182 deser’
1827 2107 1943 2183 literas

757 2207 859 2305 Regis
875 2207 998 2300 Duo
1002 2209 1073 2279 de
1085 2206 1208 2293 Drok
1229 2232 1295 2302 pro
1313 2206 1456 2300 expens'
1472 2207 1539 2279 suis

803 2308 936 2380 Eodem
953 2310 1031 2391 die,-
1052 2305 1197 2378 Willmo
1222 2309 1264 2378 de
1282 2307 1468 2399 Ledebury
1486 2303 1614 2376 nuncio
1639 2304 1735 2377 eunti
1760 2330 1831 2378 una
1859 2331 1937 2382 cum

754 2404 961 2499 quibusdam
986 2402 1096 2476 scutil'
1113 2403 1258 2499 hospicii
1275 2403 1386 2499 Regis
1403 2406 1446 2476 ad
1463 2403 1678 2475 conducend’
1695 2406 1810 2475 denar’
1827 2405 1939 2479 milior

753 2503 796 2573 de
823 2503 1048 2598 Gaywodeu
1050 2503 1133 2597 sque
1163 2502 1318 2598 Clipllon
1344 2527 1411 2599 pro
1439 2500 1592 2597 expens'
1614 2502 1759 2597 Regine,
1782 2526 1849 2598 pro
1877 2528 1937 2575 ex·

720 2394 732 2621 i
754 2602 852 2695 pens’
870 2604 986 2675 eundo
1004 2618 1037 2674 et
1050 2602 1227 2675 redeundo

718 2625 732 2859 Ι
807 2724 847 2785 17
883 2702 940 2772 die
969 2700 1071 2784 Maii,
1108 2697 1288 2771 Simonid
1267 2695 1571 2771 deHoldernesse
1601 2696 1755 2791 garcioni
1789 2699 1935 2793 magistri

751 2799 858 2872 Willi
887 2795 1089 2870 Marescalli
1115 2796 1266 2869 venienti
1298 2796 1399 2867 adl
1370 2798 1447 2894 lleg
1448 2822 1500 2869 em
1533 2820 1610 2867 cum
1642 2795 1745 2866 literis
1780 2797 1933 2892 ejusdem

751 2895 827 2968 Diri
852 2896 916 2986 sui,
942 2917 978 2971 et
1000 2896 1155 2969 redeunti
1172 2898 1215 2969 ad
1241 2896 1391 2970 cundem
1414 2824 1493 2967 egum
1526 2893 1636 2968 literis
1655 2891 1772 2989 Regis,
1795 2921 1934 2994 proex·

777 2993 850 3067 enl'
868 2949 937 3069 suis

751 3017 776 3090 p
804 3093 847 3165 18
871 3096 928 3168 die
947 3093 1033 3168 Maii
1038 3097 1292 3190 ,Weryngton
1317 3091 1397 3166 colr’
1424 3090 1533 3163 deser'
1560 3090 1677 3166 literas
1694 3092 1801 3189 Regis
1819 3092 1934 3169 Thes'

752 3212 787 3266 et
806 3193 942 3266 Camer’
960 3195 1005 3265 de
1023 3192 1209 3278 scaccario
1224 3215 1289 3286 pro
1306 3190 1452 3286 expens
1472 3189 1538 3263 suis
2011 3221 2035 3269 o
2109 3226 2131 3275 r
2186 3206 2208 3277 6

804 3315 846 3387 19
865 3292 922 3367 die
940 3290 1043 3381 Maii,
1068 3289 1226 3366 Roberto
1244 3292 1289 3363 de
1305 3288 1501 3364 Maneseud
1531 3289 1662 3363 nuncio
1679 3289 1752 3365 D‘tii
1770 3290 1930 3370 Edwardi

749 3388 798 3462 fil’
817 3393 919 3486 Regis
940 3390 1098 3464 redeunti
1116 3392 1157 3463 ad
1177 3390 1322 3464 eundem
1335 3413 1414 3462 cum
1428 3387 1533 3463 literis
1551 3388 1673 3486 Regis
1701 3414 1766 3486 pro
1783 3395 1928 3488 expens'
2135 3481 2140 3490 ‚
2311 3483 2327 3492 ρ

714 3488 816 3561 suis
829 3488 876 3562 stc
888 3490 1065 3563 redeundo
2012 3515 2036 3565 0
2112 3520 2133 3569 n
2185 3526 2210 3573 o

797 3588 929 3664 Eodem
968 3589 1039 3677 die,
1078 3586 1237 3662 Roberto
1280 3586 1451 3685 SuellJng
1495 3587 1576 3662 cok’
1619 3585 1726 3661 deser’
1768 3588 1932 3683 quasdam

745 3689 910 3761 extraslas
943 3689 987 3759 de
1022 3688 1288 3760 amerciamentis
1322 3709 1356 3760 et
1394 3686 1521 3759 finibus
1564 3683 1664 3758 saetis
1698 3711 1814 3760 coram
1847 3687 1932 3762 Dno

746 3783 827 3876 Johi
855 3787 899 3857 de
924 3788 1143 3859 Buttetourte
1178 3805 1212 3858 et
1241 3786 1334 3860 sociis
1365 3784 1430 3857 suis
1461 3783 1689 3881 assignatis
1659 3787 1702 3855 ad
1735 3788 1930 3881 inquirend’

746 3887 789 3955 de
816 3905 954 3958 moneta
981 3885 1197 3958 extraneam
1216 3883 1382 3978 Angliam
1411 3901 1547 3979 portata
1573 3883 1657 3955 seu
1649 3907 1683 3952 ιιι
1698 3905 1777 3958 com
1781 3886 1928 3957 '’Norff

746 3985 918 4056 cambiata
952 3980 1072 4055 Thes’
1095 4004 1128 4055 et
1153 3982 1281 4055 Baron'
1309 3983 1355 4054 de
1385 3982 1568 4068 scaccario,
1595 4004 1657 4074 pro
1685 3981 1831 4080 erpens’
1859 3986 1925 4057 suis
2005 3997 2029 4045 ⁰
2109 3997 2124 4046 1
2180 3977 2202 4049 6

796 4108 838 4156 21
861 4084 916 4155 dic
933 4082 1034 4168 Maii,
1064 4082 1145 4153 Ade
1163 4080 1289 4154 nuncio
1307 4079 1381 4151 Dni
1399 4078 1495 4171 Johis
1512 4079 1556 4153 dc
1573 4081 1756 4176 Hatering
1775 4082 1924 4156 venienti

745 4182 789 4253 ad
806 4183 935 4296 Regem
963 4205 1041 4252 cum
1069 4179 1173 4251 literis
1199 4180 1351 4277 ejusdem
1368 4177 1440 4251 Di'ri
1467 4177 1517 4250 sui
1542 4199 1578 4251 et
1600 4178 1673 4250 rerl'
1704 4182 1747 4251 ad
1774 4182 1924 4255 eundem

707 4270 1263 4499 lDominumsuumcumliteris
1280 4277 1398 4373 Regis,
1424 4276 1653 4374 ptoexpens'
1668 4275 1735 4351 suis
2003 4284 2044 4358 0¹
2104 4290 2125 4364 3
2177 4292 2201 4340 0

791 4379 926 4451 Eodem
955 4380 1023 4466 die,
1053 4377 1091 4448 Γ
1094 4378 1194 4453 home
1223 4381 1255 4449 le
1266 4377 1473 4450 -Palesteour
1502 4380 1648 4450 valletto
1672 4377 1748 4448 Dui
1772 4380 1922 4454 Roberti

743 4478 787 4549 de
823 4475 946 4550 Felton
975 4476 1122 4549 venienti
1156 4479 1200 4547 ad
1232 4478 1371 4571 Regem
1406 4499 1486 4548 cum
1519 4476 1626 4549 literis
1658 4475 1806 4574 ejusdem
1846 4479 1921 4551 Diii

745 4574 793 4646 sui
811 4594 844 4647 et
862 4576 965 4647 literis
991 4575 1062 4646 Dfii
1089 4574 1236 4647 Roberti
1254 4576 1298 4649 de
1318 4572 1479 4664 clifford,
1518 4600 1583 4671 pro
1611 4575 1756 4672 expens'
1778 4576 1844 4649 suis
1867 4603 1922 4651 re·

744 4675 884 4757 denudo
902 4698 980 4745 cum
997 4674 1099 4746 literis
1117 4675 1247 4772 Regis·
2003 4688 2028 4736 o
2107 4690 2121 4738 1
2175 4665 2199 4739 6

795 4797 816 4868 5
833 4774 888 4844 die
906 4771 1034 4868 Apris,
1063 4772 1199 4846 duobus
1213 4772 1337 4847 Guidis
1354 4770 1561 4847 ducentibus
1574 4772 1713 4869 Regem
1730 4776 1774 4850 de
1791 4778 1922 4850 Toteu·

744 4871 944 4966 hamusque
962 4871 1231 4966 Suthmymmes
1256 4871 1479 4968 proexpens
1497 4871 1562 4945 suis
2002 4880 2027 4929 0
2102 4884 2123 4935 2
2173 4885 2199 4937 ο

796 4995 840 5066 23
872 4970 927 5044 die
958 4972 1057 5058 Maii,
1094 4968 1233 5043 Thome
1261 4972 1329 5062 WJ
1328 4972 1489 5058 nebaud,
1517 4970 1642 5043 nuncin
1666 4970 1739 5044 Dni
1757 4970 1920 5069 Episcopi

747 5069 854 5140 Cellr'
865 5092 929 5141 ren
931 5069 1001 5141 'ad
1017 5023 1149 5161 Regem
1168 5093 1246 5140 cum
1264 5069 1370 5140 literis
1388 5068 1539 5167 ejusdem
1552 5069 1623 5141 Diri
1647 5068 1694 5141 sui
1714 5091 1746 5142 et
1764 5074 1922 5147 redeunti

743 5170 785 5238 ad
804 5168 949 5241 cundem
963 5191 1042 5239 cum
1060 5167 1164 5240 lucris
1178 5165 1298 5261 Regis
1322 5191 1389 5261 pm
1406 5168 1548 5263 expens
1567 5168 1633 5240 suis
1649 5169 1690 5242 fic
1708 5172 1880 5246 redeundo
1975 5177 2027 5226 ⁰
2102 5178 2124 5258 5
2173 5184 2197 5233 0

795 5288 843 5358 24
859 5267 913 5338 dre
939 5266 1042 5355 Maii,
1066 5266 1227 5340 Galsrirlo
1255 5268 1298 5338 de
1326 5267 1504 5364 Bardency
1536 5268 1789 5344 nunciodeser'
1805 5273 1922 5345 literas

711 5284 1468 5518 lRegisAdedellraJetAdedeRiston‚
1494 5370 1650 5468 proexp'
1764 5437 1769 5446 ,
1907 5379 1910 5383 ’
2001 5377 2027 5434 o
2106 5383 2122 5433 ι
2177 5383 2200 5461 ς

1284 5467 1321 5539 Ο
1344 5490 1421 5540 οι
1503 5513 1519 5524 „
1673 5469 1986 5544 .Berdardo
1974 5529 1982 5556 ,
2091 5547 2097 5557 ,
