5375 6667
397 689 475 757 'no
486 686 489 691 ’
499 607 665 756 vnum
677 618 1092 754 nntrs‘rntttortunr
1105 613 1440 748 SERVOENTUM
1452 667 1526 745 AD
1540 667 1699 759 ARMA,
1708 615 2205 763 summoturum.

768 972 926 1046 habentis
960 996 1067 1045 unum
1098 995 1228 1067 equum
1257 971 1507 1068 appreciatum,
1541 994 1659 1067 preter
1686 971 1815 1046 socium
1849 995 1951 1067 quem

767 1072 873 1145 habet
891 1072 931 1144 ad
948 1070 1049 1144 vadia
1067 1071 1101 1145 in
1119 1073 1233 1146 rotulo
1250 1069 1455 1160 marescalc’,
1482 1095 1503 1143 a
1525 1072 1631 1146 tercio
1659 1069 1716 1144 dic
1729 1071 1814 1162 Jurii
1839 1071 1949 1166 usque

644 1214 649 1219 -
769 1195 811 1243 21
848 1169 939 1243 diem
974 1170 1129 1269 ejusdem
1158 1169 1291 1262 menfit,
1328 1172 1487 1265 quodie
1517 1170 1601 1265 cqui
1628 1171 1775 1242 duorum
1804 1169 1955 1243 aliorum

768 1270 934 1342 sociorum
969 1272 1104 1343 suorum
1136 1266 1276 1342 fuerunt
1309 1267 1510 1365 appreciati,
1553 1270 1665 1366 primo
1703 1268 1760 1342 dic
1806 1291 1950 1365 compu-

767 1388 898 1440 tamer
926 1391 993 1440 non
1020 1368 1156 1458 ultimo,
1182 1393 1244 1463 ρει·
1271 1367 1312 1449 18
1341 1369 1426 1452 dics,
1456 1365 1727 1453 wie-Eidem,
1754 1391 1821 1463 pro
1845 1367 1951 1440 vadiis

767 1467 833 1538 suis
866 1491 928 1562 per
963 1467 1098 1540 eosdem
1144 1467 1186 1541 ιδ
1222 1468 1306 1556 dies,
1346 1465 1553 1561 percipient’
1584 1491 1648 1561 per
1677 1466 1765 1539 diem
1806 1467 1953 1538 123.-

403 1556 593 1635 Plukener.
765 1566 952 1659 dequibus
970 1567 1143 1639 allocatur
1162 1568 1193 1640 ci
1211 1567 1245 1637 in
1263 1566 1378 1639 rotulo
1396 1565 1590 1638 marescalc’
1607 1588 1672 1660 per
1690 1562 1778 1637 diem
1798 1565 1865 1636 od.
1885 1562 1951 1635 ob..

761 1686 795 1735 ct
829 1664 887 1736 hic
921 1687 981 1761 per
1009 1666 1097 1736 diem
1136 1665 1207 1756 46.
1242 1665 1416 1738 on-nr,
1452 1664 1708 1760 9d.-Eidcm,
1742 1686 1808 1759 pro
1837 1661 1947 1737 vadiit

762 1759 826 1834 suis
853 1784 886 1834 et
914 1762 1019 1834 trium
1047 1763 1213 1836 sociorum
1238 1762 1376 1835 suorum
1404 1761 1653 1853 scutiferorum,
1679 1783 1757 1836 aar
1780 1762 1836 1834 dic
1863 1762 1947 1856 Julii
2092 1787 2100 1798 ·

760 1860 869 1955 usquc
903 1862 1047 1935 tercium
1080 1862 1171 1935 diem
1204 1862 1424 1949 Novembris,
1456 1884 1603 1956 utroque
1635 1880 1849 1957 computato,
1882 1884 1947 1956 per

767 1965 834 2035 106
866 1961 947 2044 dies,
987 1961 1195 2057 percipient'
1224 1983 1285 2058 per
1313 1961 1405 2034 diem
1439 1985 1505 2055 pro
1535 1959 1567 2034 sc
1598 1959 1669 2056 ipso
1699 1981 1739 2032 ut
1769 1960 1879 2053 prius,
1909 1974 1948 2031 ct

763 2086 826 2156 pro
856 2061 1014 2151 quolibet
1044 2058 1205 2134 scutifero
1235 2061 1310 2143 suo,
1359 2058 1592 2155 rain-171.
1633 2060 1713 2155 173.
1751 2054 1942 2152 9ff.-pcr

760 2180 958 2252 compotum
976 2155 1088 2231 secum
1104 2156 1232 2232 factum
1256 2158 1348 2256 apud
1367 2157 1559 2232 Karliolum
1581 2181 1618 2232 rt
1642 2155 1697 2230 dic
1717 2154 1942 2231 Novembris.

450 2334 592 2434 P·¹79·
703 2256 912 2429 'ksuffcnt'ilo
941 2356 985 2427 dc
1015 2351 1093 2448 Eyc
1122 2374 1157 2427 et
1187 2354 1336 2449 Johanni
1365 2357 1409 2430 dc
1438 2356 1583 2445 Kancia,
1623 2354 1767 2428 railettia
1797 2353 1942 2430 Domini
2004 2267 2047 2343 ψ
2125 2267 2146 2320 2
2198 2248 2237 2323 ὁ

759 2454 852 2530 Ρεττί
870 2456 913 2530 dc
930 2453 1149 2547 Donewyco,
1176 2455 1387 2528 habentibus
1414 2454 1501 2527 duos
1530 2477 1641 2551 equos
1667 2456 1883 2551 appreciatus
1905 2451 1941 2526 in

400 2577 698 2654 vappettpnomtni
758 2577 882 2653 guerra
912 2550 1031 2625 Scocie
1059 2576 1149 2626 anno
1176 2554 1337 2649 presenti,
1390 2576 1430 2625 ro
1459 2550 1568 2626 vadiis
1593 2551 1661 2625 suis
1691 2575 1712 2624 a
1747 2554 1856 2627 tercio
1886 2553 1944 2626 die

398 2675 684 2760 Patrichone·
757 2649 921 2738 ofitobr’,
963 2675 1036 2746 quo
1069 2652 1126 2723 dic
1160 2653 1241 2747 equi
1272 2653 1325 2724 sui
1357 2579 1497 2725 iitcrunt
1523 2650 1727 2749 appreciati,
1756 2649 1865 2747 usquc
1899 2674 1945 2742 14

398 2794 497 2876 Ἦρα
597 2779 600 2784 ·
758 2754 850 2826 diem
868 2749 1077 2837 Novembr’,
1096 2750 1175 2845 quia
1193 2753 1399 2848 inpartibus
1416 2752 1461 2824 dc
1476 2747 1713 2847 Rokeiburgh
1731 2750 1767 2822 in
1783 2751 1943 2823 comitiva

435 2901 439 2922 r
499 2825 512 2873 '⁴
758 2850 898 2924 Domini
913 2849 1054 2923 Roberti
1071 2851 1116 2921 dc
1127 2850 1295 2945 Hastaog,
1314 2873 1463 2947 utroque
1480 2869 1693 2947 computato,
1706 2872 1772 2942 per
1788 2870 1835 2946 43
1855 2849 1939 2939 dier,

757 2975 821 3048 ρετ
839 2966 1035 3044 compotum
1053 2946 1180 3023 faiium
1198 2973 1277 3023 cum
1304 2949 1456 3046 predicto
1472 2947 1578 3025 Petro
1595 2950 1689 3044 apud
1707 2946 1939 3048 Rokcrburgh

760 3074 803 3125 12
822 3049 878 3134 die
897 3046 1096 3120 Decembris
1113 3072 1204 3121 anuo
1223 3074 1269 3146 29
2018 3055 2045 3125 4
2115 3027 2154 3105 6·
2187 3050 2223 3106 ⁵

725 3177 744 3258 s
803 3149 958 3222 Robcrto
974 3148 1016 3218 de
1033 3145 1131 3221 Bello
1159 3146 1304 3244 Campo,
1330 3145 1474 3222 habenti
1502 3168 1565 3221 tres
1589 3168 1697 3241 equos
1726 3146 1940 3245 appreciatus

597 3315 603 3326 .
753 3248 786 3320 in
813 3269 936 3343 guerra
963 3245 1124 3339 predicta,
1154 3269 1220 3339 pro
1238 3244 1342 3319 vadiis
1371 3246 1439 3319 suis
1468 3244 1630 3319 etunius
1657 3242 1739 3321 socii
1773 3246 1823 3316 sui
1851 3270 1871 3317 a
1894 3271 1935 3343 ¹3

752 3348 808 3421 die
825 3345 921 3443 Julii,
939 3345 1083 3440 quodie
1099 3345 1182 3439 equi
1199 3342 1249 3418 sui
1267 3346 1407 3440 fuerunt
1424 3345 1626 3442 appreciati,
1654 3343 1762 3439 usque
1777 3345 1822 3417 26
1842 3345 1937 3418 diem

754 3443 905 3538 ejusdem
923 3440 1056 3534 menfis,
1081 3443 1229 3541 quodie
1259 3466 1373 3539 equus
1395 3445 1536 3519 alterius
1554 3443 1636 3516 socii
1664 3442 1714 3515 sui
1731 3442 1799 3516 fuit
1816 3468 1938 3540 appre-

752 3547 875 3634 ciatus,
900 3542 1013 3640 primo
1041 3543 1096 3614 dic
1122 3560 1320 3642 computato
1352 3563 1388 3617 ct
1416 3567 1485 3617 non
1509 3543 1652 3628 ultimo,
1687 3565 1750 3637 per
1785 3565 1826 3638 13
1849 3543 1939 3631 dies,

753 3642 978 3739 percipiendo
1015 3662 1079 3734 per
1122 3642 1214 3713 diem
1256 3643 1414 3715 zie-dc
1448 3643 1577 3738 quibus
1612 3641 1803 3715 allocantur
1836 3640 1865 3711 εἰ
1901 3641 1936 3713 in

392 3798 430 3874 R
455 3804 542 3877 deB
565 3808 589 3879 H
755 3744 871 3861 rotplo
899 3736 1092 3853 marescalc'
1119 3762 1182 3836 per
1199 3738 1288 3811 diem
1307 3740 1490 3857 μᾶς-ετ
1506 3741 1565 3813 hic
1594 3763 1659 3833 per
1682 3741 1786 3851 diem,
1814 3742 1936 3836 96.—

590 3830 649 3920 ⁹‘
753 3838 1138 4015 tornatur
1152 3862 1214 4011 tt
1236 3836 1936 4035 ttuitta}tintinant

751 4064 824 4137 quo
857 4039 915 4111 die
948 4036 1074 4111 receffit
1107 4038 1150 4111 de
1184 4038 1279 4130 curia
1312 4040 1426 4113 eundo
1460 4038 1571 4113 versus
1613 4058 1724 4132 partes
1764 4039 1935 4134 proprias,

751 4140 862 4234 ptimo
895 4137 952 4212 die
984 4156 1182 4230 computato
1216 4157 1251 4211 ct
1280 4162 1350 4210 non
1385 4140 1520 4230 ultimo,
1546 4159 1607 4233 per
1644 4160 1687 4233 33
1722 4137 1811 4224 dics,
1856 4160 1936 4232 per·

750 4238 911 4334 cipicndo
943 4260 1005 4331 per
1040 4237 1132 4312 diem
1171 4238 1325 4331 33.-de
1358 4238 1486 4331 quibus
1515 4242 1702 4309 allocantut
1746 4236 1778 4309 ci
1808 4234 1843 4306 in
1876 4258 1933 4307 ro-

750 4339 824 4410 tulo
853 4333 1043 4407 marescalc'
1061 4359 1123 4429 pro
1150 4332 1184 4407 sc
1212 4359 1247 4408 cr
1276 4359 1347 4409 uno
1376 4338 1464 4410 socio
1491 4336 1567 4423 suo,
1598 4334 1689 4429 156.
1720 4354 1757 4409 ct
1787 4333 1842 4405 hic
1870 4358 1937 4430 per

749 4435 840 4510 diem
875 4434 1100 4508 arom-ai.
1134 4438 1218 4529 173.
1249 4435 1435 4534 93.-per
1468 4450 1668 4530 compotum
1701 4431 1828 4508 fatiam
1856 4455 1934 4505 cum

749 4536 890 4633 Rogcro
915 4538 958 4609 de
976 4530 1234 4621 Wcllesworth,
1268 4532 1358 4607 socio
1392 4535 1467 4625 suo,
1490 4533 1582 4632 apud
1599 4531 1811 4625 Nettelham,
1836 4554 1855 4633 7
1875 4531 1931 4606 die

720 4632 922 4742 [Februar’
939 4655 1030 4705 anuo
1047 4655 1106 4728 29.
1148 4636 1291 4705 Summa
2016 4642 2039 4717 3,
2112 4638 2132 4718 7
2188 4618 2213 4694 δ

798 4734 1000 4817 Robiuctto,
1038 4729 1173 4817 Cissori,
1212 4754 1274 4827 pro
1309 4731 1413 4803 radiis
1448 4732 1511 4804 suit
1544 4758 1564 4805 a
1600 4733 1709 4808 tercio
1741 4733 1798 4806 die
1831 4729 1931 4823 Julii,

751 4856 823 4927 quo
851 4832 909 4904 die
940 4854 1050 4925 equus
1076 4831 1153 4903 suus
1182 4829 1249 4902 suit
1280 4834 1512 4927 appreciatus,
1538 4832 1645 4927 usque
1673 4831 1815 4905 tercium
1839 4832 1931 4904 diem

752 4931 969 5020 Novembris,
1002 4951 1148 5024 utroque
1173 4950 1386 5026 computato,
1413 4955 1476 5026 per
1514 4956 1583 5022 124
1608 4933 1693 5020 dics,
1728 4927 1933 5026 percipient'

389 5036 439 5113 R.
453 5032 561 5113 ciffot
578 5024 699 5132 Regia.
748 5053 812 5124 per
840 5031 944 5118 diem,
984 5030 1169 5102 rati—dc
1198 5031 1326 5122 quibus
1357 5030 1504 5127 percipit
1531 5033 1565 5103 in
1594 5031 1708 5102 rotulo
1738 5030 1933 5101 marescalc'

749 5151 810 5222 ρετ
840 5129 932 5199 diem
972 5129 1040 5225 γᾶ.
1070 5127 1245 5223 obe-per
1272 5151 1469 5222 compotum
1505 5125 1636 5200 factum
1661 5131 1742 5200 'curn
1777 5128 1856 5199 Elia
1887 5129 1931 5200 de
2081 5215 2083 5226 A

749 5226 925 5313 Whetele,
968 5225 1091 5300 clerico
1127 5225 1201 5315 suo,
1249 5229 1343 5323 apud
1383 5227 1539 5300 Lincoln’
1580 5252 1624 5327 23
1667 5229 1723 5302 dic
1764 5223 1930 5300 Februar'

747 5348 839 5401 anno
856 5347 901 5413 29
2011 5337 2033 5389 2
2110 5316 2133 5389 6
2186 5315 2216 5395 6

796 5422 960 5498 Galfrido
989 5424 1034 5498 dc
1061 5421 1287 5518 Ampelford,
1313 5419 1541 5496 constabular’
1568 5426 1725 5520 equitum
1754 5426 1797 5497 dc
1820 5424 1931 5497 muni-

747 5524 847 5602 cione
871 5526 955 5600 vitre
986 5523 1234 5621 chercwyco
1259 5524 1337 5598 rcu’
1365 5524 1408 5595 ad
1439 5523 1633 5599 mandatum
1652 5524 1762 5623 Regis
1790 5525 1832 5598 ad
1860 5546 1933 5695 mg:

1831 5645 1892 5698 ran

734 878 757 1191 ρ
811 853 932 946 'Alaun
971 871 1156 962 Plukcnct,
1196 896 1265 969 pro
1291 871 1400 946 vadiis
1442 871 1544 945 unius
1565 869 1734 947 'scutiferi
1767 870 1847 946 socii
1887 870 1951 961 sui,
2037 871 2064 945 1.
2115 876 2150 949 Ξ.
2196 865 2247 948 ἃ»
