5375 6667
663 2309 666 2318 .
796 2247 920 2320 Eidem
951 2270 1016 2346 666
1047 2269 1172 2347 pun1ra
1202 2247 1274 2319 666
1307 2274 1499 2348 pauperum

914 629 1281 726 66666
1360 631 1820 725 6ῑεῖ6666.

804 847 925 921 Eidem
939 874 1004 946 pro
1018 868 1143 945 putura
1159 850 1231 946 380
1246 831 1436 948 pauperum
1455 872 1515 948 per
1529 863 1732 946 preceptum
1743 841 1853 944 Regis
1866 839 1958 919 infra
2024 845 2048 919 s.
2122 844 2152 922 6.
2183 827 2204 882 '⁷
2204 849 2243 924 6.

753 953 894 1022 eandem
918 950 1152 1047 septimanam,
1178 949 1249 1022 viz.
1272 950 1329 1022 die
1347 945 1531 1021 Dominica
1549 948 1584 1019 in
1608 946 1743 1020 666666
1762 942 1955 1019 6666666666

755 1074 774 1138 7
790 1050 939 1122 fratrum
954 1073 1016 1120 too
1029 1047 1188 1148 pauper’,
1211 1049 1267 1122 die
1281 1052 1382 1121 Lune
1402 1048 1436 1121 in
1455 1048 1589 1123 honore
1605 1045 1830 1120 transsationis
1841 1043 1955 1120 sanni

754 1147 934 1222 Benedicti
943 1149 1094 1221 Abbatis
1108 1173 1173 1240 646
1187 1150 1339 1247 pauper’,
1353 1169 1387 1222 et
1399 1148 1457 1222 die
1466 1145 1610 1224 Venerit
1623 1148 1656 1220 in
1670 1147 1803 1222 honore
1817 1146 1954 1220 transsat·
2317 1207 2322 1214 .

752 1251 854 1324 tionis
873 1245 990 1322 Sancti
1009 1249 1177 1343 Swythini
1197 1243 1438 1348 140-pauper’,
1462 1269 1510 1347 47
1526 1273 1552 1322 s.
1576 1246 1842 1322 6de-Summa
2034 1273 2057 1344 6
2114 1298 2158 1348 10
2210 1302 2233 1374 ρ

799 1351 921 1423 Eidem
941 1373 1004 1447 pro
1021 1369 1149 1447 putura
1170 1349 1241 1422 666
1266 1369 1461 1448 pauperum
1485 1373 1548 1448 per
1565 1349 1656 1422 diem
1674 1345 1893 1422 Dominicam
1913 1371 1927 1420 1

748 1451 838 1523 diem
856 1451 941 1543 Julii
960 1470 994 1521 et
1020 1473 1080 1547 per
1097 1471 1204 1525 totam
1222 1448 1440 1547 septimanam
1469 1446 1609 1546 sequen’
1631 1450 1677 1522 66
1699 1444 1853 1521 costuma
1876 1473 1956 1548 pre·

750 1549 855 1638 6666,
881 1574 922 1622 66
949 1548 1063 1648 snpra,
1089 1552 1149 1641 4i.
1168 1555 1228 1648 36.
1256 1548 1501 1646 36-6666666
1523 1575 1587 1647 666
1604 1565 1732 1647 purura
1752 1570 1842 1640 2140
1869 1573 1956 1646 pau·

750 1651 837 1748 per’‚
871 1675 931 1747 per
958 1673 1157 1748 preceptum
1184 1656 1290 1746 Regin
1319 1649 1409 1723 insta
1438 1652 1581 1722 eandem
1609 1648 1847 1746 septimanam,
1884 1649 1955 1720 viz.

680 1802 684 1810 .
748 1753 805 1822 die
832 1749 1015 1822 Dominica
1045 1752 1079 1822 in
1108 1752 1244 1823 honore
1273 1749 1391 1823 866ἃὶ
1420 1749 1580 1823 Keneimi
1608 1769 1684 1845 300
1709 1751 1868 1846 pauper',
1895 1748 1954 1822 die

748 1851 870 1922 Martis
884 1852 918 1922 in
934 1851 1065 1923 honore
1081 1849 1200 1924 sinen
1214 1850 1401 1946 Augustini
1419 1850 1651 1949 140pauper',
1664 1849 1721 1922 die
1734 1848 1897 1921 Mercurii
1915 1848 1951 1921 iu

749 1951 885 2023 honore
925 1947 1050 2023 sancte
1083 1948 1284 2044 Margarete
1317 1943 1473 2048 Vir'ginis
1521 1968 1593 2045 700
1629 1949 1790 2046 pauper’,
1828 1969 1863 2021 et
1895 1947 1952 2020 die

749 2051 895 2122 Veneris
913 2048 947 2121 in
967 2050 1101 2123 honore
1120 2048 1244 2123 Sancte
1261 2050 1375 2123 Marie
1393 2047 1605 2146 Magdaiene
1635 2069 1738 2139 1000,
1777 2047 1856 2145 636.
1887 2051 1949 2147 36.

749 2149 1017 2221 68·““56]6666ῺΕ
1638 2247 1647 2264 1
1829 2248 1874 2263 ..
2010 2194 2053 2272 17
2110 2196 2154 2247 10
2206 2201 2229 2278 9

749 2372 795 2438 24
812 2349 905 2432 diem
922 2348 1005 2441 Julii
1024 2373 1056 2421 et
1076 2374 1135 2447 per
1154 2370 1259 2423 totam
1273 2352 1494 2447 septimanam
1513 2250 1710 2444 6666666666
1729 2245 1952 2426 {oppassum

748 2445 917 2545 66666666,
935 2467 975 2520 ut
995 2447 1108 2546 supra,
1135 2450 1199 2540 46.
1219 2453 1279 2546 36.
1297 2451 1368 2545 36.

795 2548 919 2620 Eidem
936 2572 1002 2645 pro
1026 2567 1150 2647 putura
1170 2551 1262 2621 6686
1279 2553 1422 2648 pauper'
1438 2574 1499 2648 per
1516 2567 1717 2648 preceptum
1735 2542 1840 2641 Regis
1857 2545 1951 2620 infra

745 2648 888 2720 eandem
920 2647 1151 2745 septimanam,
1190 2650 1260 2722 tiz.
1300 2651 1358 2722 die
1388 2648 1493 2722 Lune
1520 2652 1554 2721 in
1593 2650 1725 2722 honore
1754 2641 1949 2739 8666666-

742 2748 821 2818 cohi
840 2747 982 2844 apostoli
1002 2771 1091 2819 1000
1110 2750 1271 2847 pauper',
1288 2751 1343 2821 die
1359 2749 1527 2822 Mercurii
1546 2750 1579 2819 in
1601 2749 1731 2821 honore
1751 2745 1946 2820 sanctorum

742 2847 869 2943 septem
898 2847 1144 2936 dormientium
1176 2872 1241 2940 140
1270 2850 1429 2948 pauper’,
1469 2866 1503 2920 et
1540 2849 1597 2921 die
1621 2847 1719 2941 Jovis
1750 2848 1785 2918 in
1814 2845 1946 2919 honore

744 2944 857 3018 Sandii
878 2945 1076 3044 Sarnpsonit
1096 2972 1160 3039 140
1174 2950 1340 3116 pauper’,
1361 2950 1612 3023 sih-Summa
2006 2970 2048 3023 12
2127 2977 2145 3050 3
2199 2976 2219 3049 3

792 3044 915 3116 Eidem
938 3070 999 3142 pro
1018 3072 1142 3143 puntra
1199 3048 1246 3118 66
1275 3054 1420 3145 pauper'
1445 3073 1507 3145 per
1537 3049 1628 3120 diem
1641 3045 1864 3120 Dominicam
1889 3045 1973 3118 ul..

741 3145 856 3215 tirnam
885 3144 974 3215 diem
1000 3146 1084 3238 Julii
1108 3166 1153 3218 et
1183 3171 1245 3243 per
1272 3165 1380 3220 totam
1410 3145 1631 3244 septimanam
1675 3147 1871 3243 sequentem
1904 3147 1946 3218 de

742 3242 895 3316 cussuma
911 3245 1078 3340 predicta,
1097 3247 1266 3344 utsupra,
1294 3247 1351 3337 46.
1370 3249 1431 3341 36.
1452 3246 1524 3343 36.
1887 3299 1889 3302 -

789 3341 911 3414 Eidem
930 3369 994 3441 pro
1014 3369 1140 3442 putura
1161 3367 1248 3438 1900
1266 3345 1411 3444 pauper'
1430 3369 1489 3443 per
1507 3365 1708 3445 preceptum
1724 3346 1829 3443 Regis
1856 3345 1947 3419 infra

740 3444 884 3517 eandem
898 3445 1131 3541 septimanam,
1144 3447 1209 3516 viz.
1220 3448 1254 3518 in
1272 3446 1403 3519 honore
1418 3443 1533 3518 866666
1548 3447 1640 3519 Ρ666ἱ
1653 3450 1694 3519 66
1711 3448 1843 3517 vincula
1856 3470 1945 3517 roco

740 3547 897 3637 pauper’,
924 3542 980 3614 die
1006 3545 1168 3617 Mercurii
1198 3547 1232 3617 in
1263 3546 1394 3618 honore
1415 3547 1620 3618 intentionis
1641 3545 1756 3619 sancti
1776 3546 1943 3641 Stephani

741 3661 812 3737 700
830 3642 985 3739 pauper',
1011 3664 1044 3714 et
1069 3645 1126 3716 die
1144 3642 1287 3716 Veneris
1313 3646 1344 3716 in
1373 3641 1503 3719 honore
1522 3647 1639 3719 Sancii
1658 3646 1818 3718 Etstrardi
1840 3644 1943 3743 Regis

740 3763 811 3810 aoo
833 3741 1098 3839 pauper’-1ri.
1124 3745 1481 3833 676666-8666666
2002 3742 2045 3813 16
2121 3768 2145 3816 0
2197 3769 2219 3840 9

787 3839 909 3912 Eidem
951 3865 1015 3939 pro
1043 3859 1170 3940 potura
1207 3844 1278 3915 666
1315 3847 1462 3944 pauper’
1507 3869 1568 3943 per
1603 3846 1692 3917 diem
1722 3841 1942 3918 Dominicam

739 3962 758 4035 7
778 3941 870 4013 diem
890 3940 1040 4033 Augusti
1064 3963 1098 4018 et
1124 3954 1185 4042 per
1209 3965 1316 4017 totam
1333 3945 1556 4042 septimanam
1575 3943 1774 4038 sequentem
1805 3945 1848 4018 de
1867 3949 1941 4019 cus·

738 4063 830 4111 tuma
847 4039 1015 4138 6666666,
1035 4045 1202 4143 utsupra,
1230 4047 1288 4135 46.
1310 4050 1373 4142 36.
1393 4045 1468 4142 36.

785 4139 907 4213 Eidem
931 4166 995 4238 pro
1019 4165 1146 4239 putnra
1180 4164 1272 4239 1340
1296 4147 1445 4242 pauper'
1463 4169 1526 4243 per
1543 4163 1743 4241 preceptum
1763 4143 1869 4241 Regis
1888 4145 1939 4215 in·

735 4239 789 4313 sra
815 4241 958 4313 eandem
981 4242 1222 4341 septimanam,
1250 4243 1319 4316 viz.
1348 4245 1404 4317 die
1423 4243 1593 4318 Mercurii
1612 4244 1645 4314 in
1670 4244 1806 4315 honore
1824 4245 1936 4316 Saniii

732 4340 913 4413 Laurentii
941 4341 1035 4412 mille
1061 4344 1221 4439 pauper',
1247 4345 1304 4415 die
1321 4344 1414 4434 Joris
1438 4347 1473 4415 in
1501 4344 1634 4417 honore
1654 4342 1771 4414 Sancti
1788 4344 1935 4416 Tiburni

734 4463 798 4530 646
826 4441 988 4539 666666’,
1025 4463 1058 4512 66
1084 4442 1141 4513 die
1171 4441 1316 4513 Sabbati
1346 4443 1544 4518 inhonore
1572 4439 1689 4515 Sancti
1717 4442 1841 4541 Spoliri
1861 4465 1934 4516 200

730 4538 1350 4636 pauper',81.73.6d.-Snmma
1996 4556 2038 4606 12
2096 4559 2139 4608 10
2190 4562 2212 4634 9

743 4641 745 4646 ’
780 4639 905 4711 Eidem
939 4663 1003 4735 pro
1040 4659 1167 4736 putum
1203 4640 1274 4712 666
1310 4641 1455 4740 pauper’
1490 4667 1551 4739 per
1587 4641 1678 4715 diem
1712 4641 1933 4717 Dominicam

730 4758 772 4828 64
787 4740 878 4810 diem
897 4739 1045 4832 Augusti
1065 4759 1100 4811 et
1121 4765 1183 4838 per
1207 4762 1314 4813 totam
1344 4743 1564 4840 septimanam
1583 4740 1780 4838 sequentem
1798 4743 1843 4816 de
1860 4743 1935 4814 cus·

730 4859 822 4909 tuma
840 4838 1001 4936 predicta,
1022 4840 1191 4937 utsupra,
1218 4842 1278 4931 46.
1297 4847 1360 4938 36.
1380 4843 1451 4941 36.

778 4937 902 5011 Eidem
934 4963 997 5035 pro
1014 4951 1152 5037 ¹putnra
1184 4963 1273 5031 6446
1307 4943 1453 5041 pauper'
1487 4965 1549 5040 per
1583 4959 1788 5040 preceptum
1823 4939 1932 5039 Regis

728 5036 820 5109 infra
847 5039 991 5110 eandem
1022 5036 1268 5136 septimanam,
1306 5043 1377 5116 viz.
1429 5043 1485 5116 die
1514 5044 1617 5115 Lune
1655 5041 1848 5114 inhonore
1868 5039 1932 5111 As-

728 5137 928 5234 sumptionis
958 5139 1057 5211 beate
1089 5141 1204 5212 Marie
1238 5164 1326 5237 6366
1368 5142 1529 5240 pauper’,
1565 5159 1599 5214 et
1628 5141 1685 5214 die
1714 5139 1859 5214 Venetis
1895 5140 1929 5214 in

730 5237 861 5322 honore
881 5238 991 5316 Sandii
1008 5238 1134 5332 Magni
1155 5262 1296 5334 140-9
1308 5242 1528 5314 i.-Sttmma
1992 5254 2033 5328 13
2115 5254 2132 5329 3
2188 5252 2207 5329 3

775 5337 899 5410 Eidem
918 5359 982 5433 pro
1008 5343 1134 5435 potura
1160 5338 1231 5408 666
1252 5363 1447 5440 pauperum
1462 5365 1524 5439 per
1542 5341 1631 5413 diem
1650 5337 1870 5415 Dominicnm
1890 5366 1929 5414 21

726 5439 820 5511 diem
847 5434 998 5534 Augusti
1028 5456 1063 5509 et
1090 5461 1153 5534 per
1173 5458 1281 5512 totam
1306 5440 1524 5538 septimanam
1555 5438 1754 5535 sequentem
1787 5443 1832 5513 de
1857 5441 1930 5512 cus·

725 5541 820 5613 'tuma
847 5535 1009 5633 6666666,
1037 5553 1077 5608 ut
1105 5537 1221 5637 snpra,
1248 5540 1309 5628 4i.
1343 5543 1407 5638 36.
1439 5539 1685 5638 36--666666
1712 5565 1779 5639 666
1804 5557 1932 5710 6666166

861 5658 882 5733 3
1833 5641 1928 5715 mile
