5375 6667
743 537 1784 688 'ELEMOSINa

667 863 670 870 .
724 801 790 999 let
825 803 991 881 camifiam
1023 802 1177 904 ejusdem
1207 800 1319 879 santii
1348 801 1386 878 iii
1415 803 1564 882 Ecclesia
1597 805 1759 903 predicis,
1795 803 1954 901 quolibet
2032 801 2059 876 l.
2115 803 2147 876 ἓ.
2194 803 2236 880 ἃ.

713 1006 746 1392 p
759 907 939 1080 locF’otiesin
969 1005 1025 1078 die
1053 1003 1088 1077 in
1117 1002 1362 1078 oblacionibus
1388 1003 1484 1078 fadis
1512 1031 1575 1100 per
1595 1006 1744 1078 eundem
1761 1002 1953 1076 Dominum
2085 925 2131 978 21
2172 991 2197 1015 ’⁴

394 1122 606 1198 oblaelones
756 1105 933 1210 Radulpli’
962 1106 1100 1178 nomine
1126 1105 1230 1199 Regis
1262 1105 1304 1176 ad
1334 1105 1425 1178 idem
1455 1103 1621 1178 feretrum
1646 1103 1755 1175 sintii
1777 1103 1951 1176 Edmuiidi

395 1225 516 1322 Regis,
755 1228 898 1300 propter
916 1205 1077 1301 speciales
1095 1225 1248 1278 rumores
1266 1229 1357 1299 quos
1380 1205 1473 1282 idem
1489 1206 1568 1279 Rex
1584 1202 1716 1276 audivit
1734 1203 1778 1277 de
1796 1203 1954 1298 partibus

753 1306 868 1379 Scotie

723 1399 745 1479 l
809 1428 850 1476 12
871 1404 928 1476 die
946 1403 1035 1476 Maii
1061 1403 1095 1475 in
1112 1402 1227 1476 oblac’
1245 1403 1350 1498 Regis
1367 1402 1401 1476 in
1420 1403 1552 1502 capella
1577 1403 1635 1474 sua
1651 1399 1741 1474 infra
1761 1402 1953 1499 prioratum
2111 1315 2132 1396 7

723 1486 978 1710 ‘meQm
2110 1515 2132 1594 7

812 1629 822 1674 i
833 1625 852 1697 5
871 1603 928 1674 die
955 1603 1040 1672 Maii
1060 1602 1094 1673 iii
1119 1601 1293 1675 oblacioii’
1308 1601 1418 1698 Regis
1436 1601 1479 1673 ad
1508 1599 1617 1674 altare
1641 1601 1677 1673 iri
1697 1601 1831 1698 capella
1850 1599 1951 1674 beate

394 1677 604 1794 oblaciones
718 1699 1189 1797 aurificaewainngian
2107 1715 2129 1786 7

394 1781 515 1878 Regff'·
808 1803 853 1874 Et
881 1804 923 1872 ad
954 1801 1116 1893 reliquias
1147 1798 1267 1895 positas
1297 1799 1399 1898 super
1428 1800 1550 1873 eodem
1578 1801 1693 1886 altari,
1721 1795 1877 1893 7i.—Et
1907 1799 1953 1870 ad

757 1901 939 1994 imaginem
958 1900 1076 1972 Sancti
1094 1899 1256 1987 Gabriel,
1286 1922 1319 1972 et
1348 1903 1390 1972 ad
1409 1898 1461 1972 lac
1478 1899 1579 1970 beate
1596 1902 1709 1972 lllarie
1726 1901 1768 1972 ad
1787 1921 1951 1993 magnum

755 2001 860 2072 altare
878 2001 910 2069 in
929 1997 1068 2072 ecclesia
1087 1998 1257 2092 prioratus
1283 1999 1367 2070 ibid’
1388 1997 1642 2092 73.—Sumnia
2078 1989 2128 2064 28

803 2100 935 2172 Eodem
961 2099 1016 2171 die
1044 2100 1079 2169 iii
1097 2099 1338 2171 oblacionibus
1356 2095 1452 2170 fadis
1478 2121 1539 2193 per
1556 2096 1746 2172 Dominum
1763 2099 1793 2169 I.
1810 2101 1855 2172 de
1870 2098 1951 2171 Bri·

753 2201 848 2272 taiin’
867 2197 1002 2271 nominc
1012 2197 1146 2293 Regine
1159 2198 1200 2269 ad
1220 2198 1329 2269 altare
1346 2198 1380 2269 iii
1396 2197 1530 2294 capella
1544 2201 1707 2292 predida,
1729 2199 1888 2294 73.-Et
1908 2199 1950 2270 ad

753 2300 805 2370 lac
824 2301 923 2371 beate
940 2301 1054 2368 Mane
1075 2299 1115 2367 ad
1134 2321 1295 2390 magnum
1315 2298 1425 2370 altare
1451 2298 1486 2368 in
1514 2296 1653 2370 ecclelia
1676 2301 1847 2395 prioratus
1873 2323 1951 2394 pre·

392 2218 600 2292 oblaciones

391 2321 541 2415 Regiae.

752 2395 844 2481 dieii,
874 2394 1123 2488 7i.-Summa

723 2501 743 2580 s
803 2495 980 2567 Fratribus
1014 2493 1286 2590 predicatoribus
1310 2497 1352 2567 de
1382 2497 1481 2568 Leon
1512 2521 1579 2590 pro
1606 2517 1734 2589 putura
1761 2494 1819 2568 lua
1848 2494 1951 2570 nnius

752 2595 823 2669 diei
841 2596 874 2665 in
894 2593 1032 2666 transitu
1053 2595 1160 2688 Regis
1178 2619 1239 2687 per
1258 2597 1387 2667 ibidem
1406 2599 1517 2668 mense
1532 2595 1617 2666 Maii
1635 2597 1669 2665 iii
1695 2597 1865 2692 principio
1890 2622 1952 2694 pet

755 2719 872 2767 manus
890 2691 949 2765 liis
966 2690 1071 2766 Willi
1089 2694 1131 2763 de
1150 2695 1245 2765 Lenn
1264 2697 1356 2792 apud
1376 2697 1556 2788 Gaywode
1579 2695 1621 2765 ib
1639 2696 1696 2766 die
1715 2695 1802 2766 Maii
1951 2735 1955 2742 ·

804 2794 988 2866 Fratribus
1007 2794 1198 2867 minoribus
1223 2795 1378 2892 ejusdem
1397 2797 1475 2866 ville
1504 2817 1568 2888 pro
1595 2796 1727 2883 eodem,
1751 2818 1813 2890 per
1830 2818 1951 2870 manus

724 2885 730 2993 Ι
755 2893 869 2965 fratris
888 2892 1056 2983 Joliaiinis
1076 2893 1167 2964 Bret'
1184 2891 1316 2966 ibidem
1335 2895 1455 2966 eodem
1471 2896 1528 2966 die

389 2958 524 3132 liat
541 2959 584 3033 ‘¹⁶
710 2992 1872 3201 i,liliatasifauiustilariisa
1887 3019 1950 3093 t

799 3192 979 3263 Fratribus
1012 3187 1129 3260 Sancti
1165 3189 1349 3284 Augustini
1385 3191 1538 3286 ejusdem
1571 3191 1652 3262 ville
1696 3215 1762 3285 pro
1804 3194 1945 3282 eodem,

750 3313 813 3383 per
832 3314 949 3361 manus
969 3286 1085 3360 fratris
1101 3287 1126 3358 l.
1146 3291 1189 3360 de
1209 3288 1380 3382 Clipllon,
1408 3288 1538 3362 ibidem
1557 3290 1679 3362 eodem
1695 3291 1753 3362 die

801 3387 982 3462 Fratribus
999 3390 1043 3459 de
1061 3387 1169 3459 Sacco
1199 3389 1351 3485 ejusdem
1374 3389 1457 3462 ville
1488 3413 1552 3484 pro
1574 3390 1707 3476 eodem,
1735 3411 1799 3485 per
1827 3411 1948 3463 manus

720 3487 779 3590 [f.
797 3488 880 3580 Joli'
897 3488 1051 3582 predilli,
1078 3485 1162 3557 ibid'
1179 3489 1255 3560 cod'
1272 3489 1328 3560 die

720 3593 740 3672 s
805 3611 847 3679 19
865 3589 922 3658 die
942 3586 1031 3656 Maii
1049 3588 1082 3656 iii
1101 3586 1210 3657 oblat'
1229 3588 1337 3682 Regis
1357 3589 1400 3659 ad
1418 3585 1523 3660 altare
1553 3587 1589 3658 iii
1617 3586 1753 3682 capella
1772 3588 1830 3659 sua
1854 3586 1952 3664 iulia

749 3683 907 3758 Castrum
924 3687 967 3757 de
985 3683 1190 3768 Wilebech,
1219 3686 1377 3781 73·-Et
1402 3689 1444 3758 ad
1463 3687 1609 3759 Crucem
1635 3690 1680 3760 de
1699 3687 1855 3784 Gneyth,
1881 3693 1946 3782 53.

749 3786 844 3856 -Et
862 3784 905 3854 ad
926 3785 1056 3880 spinam
1074 3786 1117 3856 de
1136 3809 1261 3857 corona
1279 3785 1422 3874 Christi,
1450 3787 1711 3882 gie-Summa

390 3909 602 3999 obpadones
797 3882 961 3956 Vicesimo
991 3885 1104 3980 primo
1133 3884 1187 3956 die
1218 3885 1307 3957 Maii
1334 3886 1370 3958 iii
1399 3884 1637 3958 oblacionibus
1667 3885 1773 3980 Regis
1801 3886 1847 3958 ad·
1867 3884 1947 3957 reli·

389 4015 508 4111 Regis,
749 3984 849 4082 quias
868 3983 973 4077 super
990 4007 1152 4080 magnum
1170 3986 1273 4055 altare
1292 3986 1326 4056 iii
1341 3984 1476 4058 ecclesia
1498 3987 1671 4079 prioratus
1683 3985 1728 4060 de
1742 3985 1947 4080 spaldinge,

464 4113 506 4186 p,
525 4134 589 4206 37,
751 4085 909 4183 pie-Et
927 4085 971 4154 ad
988 4086 1138 4155 Crucem
1161 4083 1300 4169 ibidem,
1329 4085 1585 4178 5s.-Summa

480 4267 482 4274 Ι
800 4208 845 4256 22
864 4184 920 4255 die
939 4183 1022 4254 Maii
1052 4184 1087 4254 iii
1113 4183 1355 4256 oblacionibus
1383 4186 1488 4279 llegis
1513 4183 1610 4256 fatris
1636 4209 1701 4279 per
1717 4183 1943 4274 Radulphum

751 4286 793 4356 de
810 4283 959 4356 Mantou
991 4286 1032 4354 ad
1053 4284 1198 4354 Crucem
1226 4285 1360 4378 argent’
1388 4284 1422 4353 in
1449 4282 1584 4356 ecclesia
1612 4284 1804 4377 parochiali
1831 4281 1944 4354 Sinai

748 4383 920 4477 Botulphi
937 4384 1027 4477 apud
1047 4381 1207 4452 Sandum
1226 4383 1438 4478 Botulphum

720 4452 737 4531 l
801 4506 843 4553 21
865 4482 920 4554 die
947 4481 1032 4553 Maii
1057 4481 1245 4572 capellanis
1274 4499 1306 4552 et
1334 4481 1470 4552 clericis
1496 4481 1539 4552 de
1567 4480 1833 4555 Golebernltirk-
1852 4482 1943 4554 vetii·

379 4487 573 4613 ¹Capeliani
592 4535 626 4592 ct
711 4537 740 4832 ἶ

390 4619 514 4691 clerici
533 4614 696 4691 deGos,
749 4586 885 4652 entibus
907 4604 1026 4652 contra
1054 4580 1188 4673 Regem
1204 4604 1281 4651 cum
1310 4581 1522 4676 processione
1539 4581 1582 4651 de
1600 4584 1693 4653 dono
1711 4600 1746 4654 et
1765 4581 1945 4655 elemosina

388 4715 570 4791 beinki'rk.
749 4679 975 4798 ipfilffstgis
1086 4778 1093 4793 ,
1192 4778 1199 4792 ,

799 4782 973 4850 iratribus
997 4777 1267 4872 predicatoribus
1285 4777 1329 4850 de
1349 4779 1476 4858 Sandio
1497 4778 1692 4871 Botulpho,
1721 4805 1788 4873 pro
1817 4797 1945 4872 putura

750 4880 811 4950 suo
841 4881 987 4951 duorum
1018 4879 1150 4948 dierum
1180 4879 1213 4947 iii
1245 4877 1395 4950 adventu
1425 4880 1529 4968 lienis
1558 4879 1699 4966 ibidem,
1731 4904 1795 4972 per
1824 4902 1943 4949 manus

750 4979 861 5051 fratris
888 4976 1006 5050 Willi’
1031 4978 1072 5047 de
1104 4975 1307 5072 Basingliam
1337 4978 1430 5074 apud
1461 4977 1620 5050 Sinduni
1650 4977 1865 5073 lloiulphum
1896 4999 1942 5047 22

387 5057 521 5133 Fratres
541 5063 585 5133 de
714 5078 897 5192 ldjeMaij
2077 5101 2123 5178 ¹9
2200 5082 2230 5156 8,

275 5153 296 5187 ’
390 5158 652 5237 ὃὶῑῦἂῡΒΟῐῦῙ·
704 5197 721 5277 4
797 5175 968 5247 Fratribus
986 5175 1173 5247 minoribus
1195 5174 1343 5274 ejusdem
1361 5177 1444 5249 ville
1474 5200 1540 5270 pro
1570 5175 1705 5265 eodem,
1735 5199 1801 5270 per
1820 5198 1940 5246 manus

388 5261 477 5356 Pho·
746 5278 859 5348 fratris
877 5272 1026 5344 Gilberii
1047 5277 1091 5344 ile
1114 5277 1318 5363 lonel'dale,
1336 5276 1463 5347 ibidem
1482 5277 1601 5348 eodem
1618 5276 1671 5347 die
2072 5300 2121 5352 20
2194 5299 2223 5370 4

793 5375 969 5447 Fratribus
987 5376 1027 5443 de
1045 5371 1170 5444 Monte
1190 5375 1335 5447 Carmeli
1365 5373 1518 5471 ejusdem
1536 5375 1619 5445 rille
1635 5399 1702 5467 pro
1720 5373 1853 5459 eodem,
1871 5396 1934 5466 per

746 5500 864 5550 manus
881 5473 992 5548 fratris
1011 5473 1190 5570 Radulphi
1207 5474 1249 5548 de
1268 5475 1463 5565 Lumbard,
1481 5471 1611 5549 ibidem
1629 5475 1752 5548 eodem
1767 5472 1822 5547 die
1888 5568 1921 5640 d·
2074 5495 2121 5554 12

737 5640 745 5665 ,
894 5596 915 5646 2
1814 5591 1867 5670 η
1912 5591 1947 5641 ie
