5375 6667
416 603 492 703 158
665 597 2024 714 nouis,nnsnnunonouonum'er.
2119 611 2125 620 ·

751 798 874 880 storn’
894 802 984 902 nigr’
996 803 1090 900 apud
1110 806 1255 880 Weslm’
1276 832 1319 880 12
1337 806 1395 880 die
1411 805 1530 879 Martii
1546 803 1609 899 qui
1628 805 1742 879 valent
1756 803 1791 878 iu
1808 801 1973 904 Stcrling'
2026 803 2052 879 s.
2123 809 2155 882 ἶ.
2221 803 2266 880 d.

752 894 1530 1011 [sexrurn'nigr’comp'prounosterlingo
2050 901 2073 977 6
2128 931 2169 1010 ¹3
2213 907 2253 996 Ι4
2385 939 2388 944 ·

741 1017 772 1096 ¹s
833 1004 976 1100 Hugoni
1005 1006 1049 1077 de
1079 1003 1301 1080 Morneshale
1328 1028 1363 1078 et
1390 1025 1545 1099 quatuor
1571 1001 1669 1078 sociio
1692 999 1760 1076 suis
1785 1001 1970 1078 minerariis
2173 1003 2176 1008 ’
2251 1013 2273 1020 ”

738 1101 823 1719 'de
842 1102 970 1176 minora
993 1104 1144 1191 Deron’,
1161 1105 1362 1180 uenient’de
1378 1107 1507 1179 minem
1525 1103 1677 1200 predisia
1694 1103 1969 1200 permundatum

417 1195 590 1271 Minerar'

418 1296 455 1368 D
548 1297 556 1324 ‚
782 1199 897 1274 Thes'
921 1203 1029 1298 usque
1054 1201 1226 1290 London’,
1254 1205 1296 1276 ad
1330 1201 1560 1276 ordinandum
1589 1202 1723 1276 ibidem
1752 1200 1853 1297 super
1878 1198 1968 1275 statu

459 1321 569 1371 eron..

781 1297 932 1396 ejusdem
949 1306 1092 1392 minere,
1117 1303 1162 1375 de
1185 1304 1278 1375 dono
1297 1302 1414 1398 Regis,
1445 1303 1584 1375 nornine
1609 1298 1788 1397 expensat’
1812 1300 1965 1391 suarum,

781 1401 942 1473 morando
966 1402 1096 1474 ibidem
1123 1426 1189 1497 per
1206 1403 1338 1496 aliquos
1364 1400 1439 1473 dies
1463 1401 1556 1473 circa
1583 1398 1721 1496 negotia
1747 1397 1899 1493 predicta
1924 1423 1965 1471 ac

779 1497 889 1570 eciam
917 1501 1092 1574 redeundo
1115 1502 1159 1574 ad
1189 1523 1303 1596 partes
1327 1500 1500 1598 proprias,
1526 1523 1588 1598 por
1616 1521 1734 1572 manus
1755 1498 1895 1574 Tbome
1918 1502 1964 1575 de

780 1595 971 1670 chneseia
989 1599 1074 1671 ibid’
1096 1622 1136 1687 17
1163 1600 1220 1673 die
1239 1599 1367 1673 Marcii
1838 1688 1840 1692 Ι
2049 1617 2064 1666 1
2120 1593 2141 1668 8
2219 1620 2251 1688 4

828 1697 960 1790 Stepho
976 1701 1020 1771 de
1036 1699 1218 1787 Brawode,
1236 1700 1361 1773 clerico
1384 1693 1552 1772 comitisse
1568 1693 1737 1770 Holland'
1754 1693 1825 1770 filie
1840 1694 1962 1864 Refiis,
2273 1715 2276 1720 ·

501 1859 510 1875 ,
669 1862 677 1879 ,
776 1795 933 1868 redeunti
961 1800 1004 1870 ad
1021 1800 1164 1872 eandem
1182 1798 1368 1871 Dominam
1385 1795 1476 1870 suam
1494 1796 1528 1868 in
1546 1794 1709 1868 comitiva
1726 1792 1866 1868 Domini
1924 1820 1964 1869 o·

416 1858 571 1973 memus
589 1883 696 1933 ‘⁰³¹¹'
774 1892 865 1965 berti
883 1895 924 1966 de
942 1894 1117 1970 Haustede
1134 1897 1177 1968 ad
1191 1893 1321 1969 easdem
1340 1916 1454 1989 partes
1468 1893 1646 1978 Hollaud’,
1675 1895 1719 1968 de
1734 1896 1827 1966 dono
1843 1891 1961 1992 Regit,

415 1957 488 2032 t¹ffe
500 1961 543 2031 ‘¹⁶
556 1959 723 2035 H⁰H³¹¹d·
774 1991 911 2065 nomine
928 1993 1100 2090 expensar’
1121 1994 1209 2068 suar’
1225 1991 1272 2068 fic
1289 1996 1479 2081 redeundo,
1502 2016 1566 2090 per
1583 2015 1703 2066 manue
1714 1993 1877 2091 'proprias
1895 1993 1961 2068 ibi·

774 2089 993 2168 dem18die
1011 2093 1135 2168 Marcii
2042 2104 2064 2153 2
2120 2103 2164 2156 10
2214 2104 2244 2156 ο

823 2192 941 2267 Andre
974 2194 1020 2266 de
1052 2191 1247 2279 Colemede,
1267 2192 1418 2266 Willmo
1448 2193 1492 2267 de
1520 2187 1724 2280 Thorntou,
1744 2189 1886 2290 Rogero
1913 2191 1958 2264 de

771 2288 945 2382 Whitebi,
971 2289 1059 2364 Pho'
1086 2293 1131 2366 de
1149 2290 1371 2381 waterford,
1394 2291 1553 2364 Roberto
1571 2290 1615 2361 de
1641 2288 1819 2384 Neuporr,
1845 2288 1959 2364 erlo

772 2385 965 2476 Baldewin,
984 2390 1145 2464 Waltero
1165 2391 1210 2465 de
1224 2387 1363 2477 sussex,
1391 2412 1426 2464 er
1450 2389 1611 2463 Waltero
1632 2389 1676 2460 de
1692 2387 1836 2477 Cestria,
1862 2389 1960 2486 pedi·

412 2518 550 2634 Mb
576 2518 710 2638 mern
771 2484 1961 2662 illnl‘llfillll‘llll?r?²l555512¹¹ll⁰l³llll

411 2620 606 2790 ilpggffina
620 2605 749 2764 Regssi
772 2659 816 2754 ad
849 2681 999 2782 Regem,
1031 2690 1073 2766 de
1098 2613 1210 2761 donop
1226 2686 1380 2784 ejusdem
1404 2611 1522 2781 gRegis
1556 2610 1958 2782 nomineqexpensarum

771 2781 905 2858 suarum
916 2789 959 2859 sic
970 2786 1158 2875 veniendo,
1170 2810 1208 2858 ac
1219 2785 1325 2859 eciam
1336 2787 1452 2859 eundo
1463 2784 1590 2858 abinde
1601 2785 1645 2856 ad
1659 2803 1773 2880 partes
1785 2785 1956 2884 proprias,

769 2881 915 2959 cuilibet
942 2909 1061 2962 eorum
1092 2890 1173 2962 roi.
1198 2909 1264 2981 per
1292 2909 1412 2960 manus
1438 2885 1577 2983 predicii
1594 2885 1740 2959 Andree
1765 2883 1891 2960 ibidem
1912 2906 1956 2981 19

767 2978 824 3067 die
842 2983 963 3058 Marcii
2037 3008 2064 3078 4
2112 3000 2138 3053 0
2213 3006 2246 3060 0

817 3081 971 3158 Domino
987 3083 1132 3179 Ropero
1167 3083 1199 3156 la
1225 3081 1348 3171 Ware,
1376 3083 1489 3172 militi,
1519 3082 1581 3178 qui
1615 3105 1727 3178 nuper
1756 3081 1959 3178 deposuerat

769 3181 927 3258 London'
956 3187 989 3256 in
1008 3182 1163 3256 custodia
1179 3181 1344 3274 Johannir
1362 3184 1405 3256 de
1424 3183 1694 3278 Northampton,
1719 3180 1846 3268 clerici,
1872 3181 1956 3274 561.

775 3287 853 3378 133.
878 3283 1024 3378 pollard’
1046 3283 1193 3355 similiter
1210 3307 1290 3354 cum
1317 3280 1525 3377 quibusdam
1547 3280 1723 3379 jocalibus
1742 3279 1819 3366 suis,
1843 3281 1956 3376 etqui

771 3381 917 3473 pollardi
947 3382 1072 3456 furtive
1103 3382 1262 3476 asportari
1297 3381 1441 3456 suerunt
1470 3408 1489 3453 a
1519 3379 1671 3454 custodia
1703 3379 1857 3476 predicta
1890 3402 1956 3474 per

773 3479 999 3554 Willielmum
1010 3482 1361 3576 Tupin'l'olosanum,
1373 3503 1406 3555 et
1417 3481 1561 3553 arrestari
1577 3481 1610 3552 in
1624 3479 1780 3552 manibus
1790 3480 1953 3567 e'usdem,

769 3603 857 3650 anno
873 3603 915 3676 27
937 3606 997 3675 per
1015 3579 1170 3652 custodes
1195 3602 1286 3672 aque
1311 3579 1460 3653 Tamisre
1477 3601 1512 3652 et
1527 3577 1716 3651 Richerurn
1733 3579 1775 3651 de
1793 3579 1807 3650 l
1843 3573 1952 3664 fuam,

769 3694 804 3746 et
822 3677 992 3752 'rhomam
1015 3679 1109 3771 Sely,
1134 3700 1216 3751 runc
1235 3680 1394 3751 vicecom’
1411 3680 1580 3765 London',
1600 3699 1633 3750 er
1651 3675 1786 3749 liberati
1804 3677 1953 3770 Johanni

767 3776 811 3846 de
823 3776 979 3864 Sandale,
998 3797 1078 3849 tunc
1091 3776 1219 3851 custodi
1233 3778 1370 3849 Cambii
1384 3779 1489 3876 liegis
1502 3777 1670 3859 London',
1683 3794 1841 3872 tanquam
1855 3772 1953 3848 foris·

770 3872 848 3944 fau’
870 3899 935 3968 pro
954 3878 1110 3971 eoquod
1129 3878 1218 3949 idem
1241 3875 1369 3949 Willus
1394 3878 1528 3950 eosdern
1554 3875 1741 3970 pollarrlos,
1760 3873 1856 3946 simul
1873 3898 1952 3946 cum

770 3971 933 4069 sterling',
957 3998 991 4048 et
1020 3975 1093 4047 aliis
1111 3976 1281 4076 jocalibus
1300 3980 1341 4049 ad
1362 4000 1477 4072 partes
1504 3974 1735 4047 transmarinas
1754 3974 1866 4046 voluit
1890 3976 1951 4046 tle·

769 4075 915 4168 portasse
954 4098 1071 4148 contra
1105 4076 1359 4149 ordinacionem
1396 4075 1523 4148 fatiam
1570 4077 1613 4143 de
1649 4072 1813 4167 sterlingis
1854 4094 1951 4144 extra

769 4197 914 4268 regnum
943 4174 1074 4267 Anglie
1105 4200 1173 4246 non
1198 4177 1390 4269 portandis,
1415 4196 1561 4267 ecquos
1587 4172 1761 4267 pollardos
1786 4173 1875 4243 idem
1893 4173 1953 4263 Jo-

767 4271 896 4345 hannes
930 4275 974 4346 de
1010 4275 1159 4346 Sandale
1194 4277 1226 4345 in
1257 4275 1441 4370 garderob’
1474 4272 1580 4367 Regis
1612 4268 1764 4341 Domino
1795 4269 1951 4362 Johanni

766 4372 811 4444 de
821 4369 1119 4460 Drokeuessorde,
1133 4373 1261 4446 cuslorli
1274 4375 1424 4471 ejusdem
1438 4372 1641 4466 garderobe,
1655 4367 1811 4442 liberavit
1827 4370 1862 4441 in
1881 4393 1951 4464 una

770 4471 895 4544 summa
917 4474 967 4548 ,de
994 4472 1072 4566 591.
1099 4477 1156 4565 93.
1189 4473 1253 4544 8d.
1293 4469 1527 4569 pulsandorum
1555 4470 1597 4540 ad
1626 4490 1707 4542 tuuc
1732 4468 1766 4540 iu
1792 4468 1950 4548 manibus

767 4567 850 4654 dicii
868 4569 971 4643 Willi
991 4572 1219 4658 inventorum,
1239 4589 1273 4642 et
1291 4594 1353 4664 per
1377 4569 1486 4641 didos
1503 4566 1662 4641 cuslodes
1684 4588 1718 4640 et
1735 4566 1950 4641 vicecomites

734 4730 737 4734 .
768 4670 877 4758 ejdem
894 4667 1080 4764 ¹liberator'
1097 4670 1188 4765 apud
1218 4671 1332 4741 turrim
1352 4667 1516 4741 London'
1534 4669 1645 4763 primo
1669 4667 1728 4740 die
1750 4665 1844 4756 junii
1859 4688 1951 4738 anno

768 4767 928 4863 predislo,
954 4790 988 4839 et
1011 4792 1074 4862 per
1101 4769 1246 4840 eundem
1271 4767 1468 4858 Johannenr
1489 4764 1522 4838 in
1547 4769 1667 4839 eadem
1692 4765 1885 4864 garderuba
1909 4761 1951 4836 li-

768 4869 963 4939 beratorum
982 4869 1103 4940 eodem
1127 4869 1198 4955 die,
1215 4868 1296 4940 stent
1321 4888 1414 4962 patet
1440 4865 1474 4936 in
1492 4887 1631 4958 recepta
1652 4866 1838 4964 garderobe
1862 4860 1951 4964 ejus·

767 4966 846 5038 dem
874 4968 967 5052 anni,
991 4968 1034 5041 de
1052 4967 1144 5040 dono
1164 4966 1268 5064 liegis
1286 4966 1420 5039 nornine
1437 4965 1647 5038 restituconis
1667 4965 1856 5038 eorundem
1866 4960 1952 5056 ,pol-

768 5063 955 5154 lardorum,
985 5089 1044 5159 per
1071 5090 1190 5139 manus
1217 5069 1374 5163 proprias
1403 5065 1495 5160 apud
1513 5060 1657 5136 Westm’
1679 5089 1721 5159 19
1737 5061 1794 5135 die
1812 5059 1951 5149 Marcii,

766 5165 850 5258 561.
887 5169 967 5259 133.
1002 5165 1251 5257 pollardorum,
1291 5166 1354 5260 qui
1389 5163 1505 5237 valent
1537 5163 1574 5234 in
1607 5159 1774 5259 sserliug',
1814 5161 1952 5234 duobus

735 5262 933 5359 lpollardis
960 5261 1434 5359 comp'prounosterlingo,
2010 5261 2055 5333 28
2109 5265 2131 5336 6
2212 5268 2269 5340 6·

406 5356 606 5432 Palesridar'
620 5358 697 5433 Do·
817 5360 960 5458 Hugoni
970 5362 1013 5436 de
1027 5359 1252 5457 Halugltton,
1266 5359 1787 5459 palefridar’DominiJohannie
1799 5360 1842 5432 de
1854 5358 1951 5433 Dro-
2260 5429 2264 5436 .

403 5458 505 5628 fimi,
509 5457 543 5547 J.
562 5462 606 5566 de
643 5557 664 5630 d
733 5386 961 5621 {kenesl'ord
979 5461 1118 5535 ducenti
1142 5485 1249 5535 unum
1266 5459 1477 5560 palefridum
1492 5457 1644 5536 serrand’
1662 5459 1705 5534 ad
1722 5460 1830 5536 filium
1844 5458 1952 5555 Regis

443 5581 478 5629 ro
508 5563 678 5630 eneslor.
916 5582 930 5632 1
1122 5629 1127 5636 ,
1805 5579 1808 5584 ·
1903 5581 1952 5635 ex
