5375 6667
394 681 464 761 ηε
905 649 1174 738 vim
1233 645 1626 744 τευττυττ,
1673 610 1743 728 τω.

754 881 966 968 computato,
992 865 1111 954 viden,
1135 840 1210 962 ’ρετ
1240 891 1261 960 5
1292 864 1363 938 dioe
1396 864 1565 940 veniendo
1597 863 1642 939 de
1676 862 1801 939 eisdem
1834 860 1940 960 parti·
2019 863 2047 938 i.
2112 866 2144 939 ἱ.
2194 864 2238 940 ἃ.

386 968 681 1066 ’νεᾶὶτρεάἱωιττ
756 968 822 1039 bus
851 967 959 1060 usque
978 965 1186 1055 Karliolum,
1206 987 1267 1062 per
1289 985 1311 1038 ε
1330 965 1403 1040 dies
1427 966 1592 1038 morando
1617 966 1711 1059 apud
1731 963 1940 1047 Karlioium‚

397 1073 443 1144 de
460 1068 547 1143 com'
564 1069 671 1143 Ebot'
755 1085 789 1138 et
829 1065 1031 1160 expeiiand’
1066 1063 1273 1138 conduiium
1314 1065 1357 1136 ad
1392 1066 1537 1138 eundem
1577 1065 1612 1136 in
1646 1062 1853 1136 Gawediam
1894 1063 1941 1135 ad

398 1170 509 1242 soluta
525 1191 589 1265 per
606 1166 645 1263 J.
660 1166 704 1240 de
756 1165 946 1237 exercitum
973 1160 1091 1258 Regis,
1127 1163 1213 1236 cuiit
1251 1161 1355 1236 const’
1382 1185 1446 1258 per
1472 1163 1565 1236 diem
1608 1160 1944 1234 12d.-cuiitvin·

391 1267 533 1363 Baby.
757 1261 864 1336 tenar'
892 1284 956 1356 per
988 1262 1080 1334 diem
1119 1262 1330 1351 4d.-euiit
1361 1262 1417 1336 alii
1452 1262 1561 1360 pediti
1599 1284 1663 1356 ρετ
1699 1260 1791 1334 diem
1824 1260 1944 1332 za.-

758 1360 842 1458 3²¹·
872 1364 955 1458 193.
988 1359 1249 1449 zei-Eidem,
1276 1382 1339 1454 pro
1369 1357 1448 1431 vad’
1470 1361 1536 1433 suis
1561 1358 1709 1455 propriis
1727 1377 1761 1433 et
1788 1357 1944 1453 expensis

758 1483 822 1553 ρετ
839 1479 881 1528 21
910 1457 996 1543 dies,
1014 1482 1035 1528 a
1052 1479 1073 1553 3
1093 1459 1148 1530 die
1174 1457 1324 1556 Augusti
1344 1457 1456 1554 usque
1475 1481 1520 1555 23
1533 1459 1626 1532 diem
1644 1457 1794 1556 ejusdem
1811 1457 1942 1541 menfis,

757 1577 907 1651 utroque
940 1560 1069 1654 compss,
1110 1581 1174 1652 per
1205 1581 1294 1652 quos
1329 1555 1396 1630 suit
1433 1555 1519 1631 circa
1554 1560 1755 1634 eledionem
1788 1555 1944 1652 peditum

758 1653 1005 1750 predictorum,
1050 1655 1275 1728 conducendo
1309 1653 1449 1728 eosdem
1491 1656 1597 1749 usque
1631 1656 1837 1743 Kariioium,
1871 1667 1944 1728 mo·
2026 1693 2031 1700 ·

758 1755 869 1828 rando
887 1754 1027 1827 ibidem
1054 1773 1091 1828 et
1120 1755 1300 1838 redeundo
1329 1756 1439 1848 usque
1468 1753 1592 1841 Ebor’,
1623 1756 1680 1829 11.
1705 1760 1767 1827 oi.
1799 1756 1943 1828 iod.-

757 1876 822 1950 per
851 1870 1049 1947 compotum
1075 1849 1190 1925 secum
1217 1850 1351 1934 fabium
1378 1855 1475 1948 apud
1502 1853 1645 1928 Novum
1655 1851 1821 1929 Castrum
1839 1851 1942 1951 super

759 1953 910 2046 Tynam,
932 1950 1049 2046 13die
1065 1948 1255 2024 Decembr’
1267 1973 1358 2023 anno
1377 1974 1437 2046 32.
1489 1950 1629 2026 Summa
2001 1969 2046 2050 34
2122 1971 2147 2021 0
2198 1968 2228 2020 ο

724 2067 750 2158 's
807 2052 892 2124 Diio
919 2050 1034 2124 ΑΙεῐο
1062 2051 1097 2124 le
1125 2050 1295 2138 convers,
1352 2073 1392 2123 το
1417 2051 1494 2124 den’
1536 2075 1573 2127 ετ
1602 2053 1713 2148 ipsum
1737 2048 1855 2125 solutis
1883 2049 1944 2142 Jo-

717 2149 721 2158 '
749 2149 865 2224 ‘hanni
893 2151 938 2223 de
952 2147 1240 2244 Warburghwait
1263 2169 1298 2222 et
1325 2075 1351 2221 Ε
1375 2147 1473 2230 sociis
1499 2075 1579 2242 iiis,
1603 2149 1712 2225 const'
1735 2173 1817 2242 ¹cum
1841 2150 1944 2243 equis

719 2261 721 2313 3
758 2249 947 2344 coopertis,
965 2270 1030 2343 pro
1046 2248 1154 2320 vadiis
1171 2247 1307 2335 suisset
1324 2249 1394 2347 877
1411 2247 1561 2346 sagittar'
1578 2252 1735 2347 peditum
1760 2250 1944 2324 eleaorum

761 2346 797 2424 in
827 2345 919 2422 com⁰
944 2344 1090 2420 Cumbr'
1119 2367 1184 2442 pro
1213 2369 1337 2442 guerra
1364 2347 1532 2442 predicta,
1557 2372 1622 2445 ρτο
1647 2349 1757 2422 vadiis
1786 2348 1852 2422 suis
1880 2370 1945 2443 per

760 2448 847 2522 duos
875 2446 964 2532 dies,
1002 2469 1048 2518 22
1066 2444 1123 2520 die
1152 2445 1305 2543 Augusti
1328 2470 1402 2539 ρτο
1435 2447 1547 2543 primo
1575 2452 1703 2543 comp',
1752 2448 1870 2521 eundo
1898 2445 1945 2518 de

760 2543 921 2619 Kailiolo
938 2544 1188 2618 inGalvadiam
1207 2545 1250 2616 ad
1267 2542 1459 2618 exercitum
1471 2544 1590 2638 Regis,
1613 2547 1685 2621 161.
1725 2544 1943 2631 3.-Eidem,

752 2667 826 2740 ρτο
853 2644 931 2717 den’
948 2667 1011 2740 per
1041 2643 1149 2739 ipsum
1178 2642 1295 2718 solutis
1324 2641 1484 2716 Henrico
1511 2645 1556 2717 de
1571 2567 1760 2739 Leyeefir’,
1786 2639 1944 2717 constab'

741 2757 837 2815 'tum
867 2765 962 2836 equo
988 2763 1165 2837 cooperto,
1196 2767 1261 2838 pro
1290 2742 1396 2815 vadiis
1422 2741 1489 2814 suis
1514 2759 1549 2816 et
1573 2744 1619 2838 98
1639 2742 1709 2840 sag’
1726 2744 1883 2839 peditum
1900 2742 1946 2818 de

760 2842 952 2915 municione
982 2841 1064 2914 ville
1094 2841 1138 2913 de
1165 2839 1346 2916 Betewico
1379 2841 1479 2939 super
1507 2840 1695 2932 Twedam,
1738 2867 1804 2940 pro
1836 2841 1945 2915 vadiis

758 2940 825 3014 suis
842 2965 902 3036 ρετ
918 2939 1074 3035 quinque
1090 2940 1173 3024 dies,
1204 2963 1246 3012 12
1265 2941 1322 3016 die
1339 2939 1490 3032 Augusti
1508 2963 1572 3037 pro
1600 2943 1713 3037 primo
1728 2960 1945 3037 computato,

718 3079 720 3083 ·
757 3037 878 3129 videit,
909 3063 971 3136 per
998 3040 1109 3138 gdies
1133 3040 1305 3112 veniendo
1331 3042 1376 3112 de
1399 3039 1578 3114 Berewico
1604 3040 1716 3138 usque
1747 3036 1946 3114 Kariioium

719 3156 721 3160 ·
759 3159 793 3212 et
821 3162 884 3234 per
909 3141 996 3212 duo's
1022 3138 1093 3211 dies
1118 3137 1235 3212 eundo
1252 3141 1299 3213 de
1315 3137 1448 3212 ibidem
1464 3139 1508 3212 ad
1525 3141 1717 3214 exereitum
1734 3139 1856 3236 Regis,
1881 3139 1943 3228 41.

764 3243 851 3311 103.
873 3235 1117 3313 mii-Sicut
1142 3254 1238 3332 patet
1264 3258 1329 3333 per
1345 3257 1546 3334 compotum
1570 3236 1722 3338 ejusdem
1748 3239 1785 3314 in
1808 3235 1946 3338 garde?

760 3335 947 3412 redditum·
997 3336 1160 3436 Summi
2000 3369 2050 3426 20
2103 3373 2232 3451 1310

393 2604 513 2681 'Vadia
529 2602 686 2701 peditum
719 2641 722 2646 ·

399 2707 509 2778 soluta
526 2728 591 2800 ρετ
607 2707 657 2777 A.
675 2705 707 2777 le

397 2805 568 2882 convers.

820 3729 959 3806 Summa
977 3726 1091 3808 totalis
1107 3728 1199 3806 tituli
1217 3727 1261 3804 de
1276 3727 1379 3807 vadia
1395 3729 1551 3830 peditum
1949 3746 2050 3841 4446
2125 3778 2148 3851 9
2178 3759 2270 3845 τις

817 4142 955 4218 Summa
975 4141 1090 4219 totaiis
1106 4142 1287 4221 tituiorum
1301 4143 1344 4221 de
1362 4144 1462 4221 vadia
1475 4141 1743 4240 balistniorum,
1767 4141 1911 4222 scutife-
2005 4190 2026 4270 8

772 4267 890 4319 rorum
915 4265 948 4320 ετ
971 4247 1127 4344 peditum
1917 4145 2053 4343 bn
2125 4216 2152 4268 ⁰
2207 4199 2261 4289 ⁶}
