<?xml version="1.0" encoding="UTF-8"?>
<!DOCTYPE html PUBLIC "-//W3C//DTD XHTML 1.0 Transitional//EN"
    "http://www.w3.org/TR/xhtml1/DTD/xhtml1-transitional.dtd">
<html xmlns="http://www.w3.org/1999/xhtml" xml:lang="en" lang="en">
 <head>
  <title>
</title>
<meta http-equiv="Content-Type" content="text/html;charset=utf-8" />
  <meta name='ocr-system' content='tesseract 3.04.00' />
  <meta name='ocr-capabilities' content='ocr_page ocr_carea ocr_par ocr_line ocrx_word'/>
</head>
<body>
  <div class='ocr_page' id='page_1' title='image "./liberquotidianu00tophgoog_0432.png"; bbox 0 0 5375 6667; ppageno 0'>
   <div class='ocr_carea' id='block_1_1' title="bbox 1087 644 1617 745">
    <p class='ocr_par' dir='ltr' id='par_1_1' title="bbox 1087 644 1617 745">
     <span class='ocr_line' id='line_1_1' title="bbox 1087 644 1617 745; baseline -0.013 -14"><span class='ocrx_word' id='word_1_1' title='bbox 1087 644 1617 745; x_wconf 67' lang='lat' dir='ltr'><strong>Jucnbtn.</strong></span> 
     </span>
    </p>
   </div>
   <div class='ocr_carea' id='block_1_2' title="bbox 623 852 2042 2344">
    <p class='ocr_par' dir='ltr' id='par_1_2' title="bbox 715 852 2042 1154">
     <span class='ocr_line' id='line_1_2' title="bbox 767 852 2007 958; baseline 0.002 -23"><span class='ocrx_word' id='word_1_2' title='bbox 767 856 851 935; x_wconf 84' lang='lat' dir='ltr'><strong>Duc</strong></span> <span class='ocrx_word' id='word_1_3' title='bbox 874 857 973 934; x_wconf 83' lang='lat' dir='ltr'>Zone</span> <span class='ocrx_word' id='word_1_4' title='bbox 999 852 1045 931; x_wconf 87' lang='lat' dir='ltr'><strong>de</strong></span> <span class='ocrx_word' id='word_1_5' title='bbox 1072 852 1182 934; x_wconf 86' lang='lat' dir='ltr'><strong>serico</strong></span> <span class='ocrx_word' id='word_1_6' title='bbox 1206 856 1340 934; x_wconf 83' lang='lat' dir='ltr'><strong>munite</strong></span> <span class='ocrx_word' id='word_1_7' title='bbox 1363 863 1509 955; x_wconf 81' lang='lat' dir='ltr'><strong>arg&#39;onto</strong></span> <span class='ocrx_word' id='word_1_8' title='bbox 1531 858 1609 934; x_wconf 86' lang='lat' dir='ltr'><strong>date</strong></span> <span class='ocrx_word' id='word_1_9' title='bbox 1633 857 1725 958; x_wconf 83' lang='lat' dir='ltr'><strong>Regi</strong></span> <span class='ocrx_word' id='word_1_10' title='bbox 1746 882 1815 958; x_wconf 84' lang='lat' dir='ltr'><strong>per</strong></span> <span class='ocrx_word' id='word_1_11' title='bbox 1831 858 2007 958; x_wconf 81' lang='lat' dir='ltr'><strong>Reginam</strong></span> 
     </span>
     <span class='ocr_line' id='line_1_3' title="bbox 715 951 2004 1128; baseline 0.004 -96"><span class='ocrx_word' id='word_1_12' title='bbox 715 957 901 1035; x_wconf 86' lang='lat' dir='ltr'><strong>consortem</strong></span> <span class='ocrx_word' id='word_1_13' title='bbox 925 979 996 1055; x_wconf 81' lang='lat' dir='ltr'><strong>qne</strong></span> <span class='ocrx_word' id='word_1_14' title='bbox 1025 955 1284 1128; x_wconf 51' lang='lat' dir='ltr'><strong>tetigppbmtur</strong></span> <span class='ocrx_word' id='word_1_15' title='bbox 1311 958 1405 1054; x_wconf 75' lang='lat' dir='ltr'><strong>cpnrl</strong></span> <span class='ocrx_word' id='word_1_16' title='bbox 1433 959 1609 1053; x_wconf 83' lang='lat' dir='ltr'><strong>Compton</strong></span> <span class='ocrx_word' id='word_1_17' title='bbox 1633 951 1670 1031; x_wconf 89' lang='lat' dir='ltr'><strong>in</strong></span> <span class='ocrx_word' id='word_1_18' title='bbox 1697 960 1933 1038; x_wconf 85' lang='lat' dir='ltr'><strong>Henucmerlb</strong></span> <span class='ocrx_word' id='word_1_19' title='bbox 1959 965 2004 1037; x_wconf 94' lang='lat' dir='ltr'><strong>de</strong></span> 
     </span>
     <span class='ocr_line' id='line_1_4' title="bbox 717 1053 2042 1154; baseline -0.001 -23"><span class='ocrx_word' id='word_1_20' title='bbox 717 1055 910 1150; x_wconf 75' lang='lat' dir='ltr'><strong>Ruffeletto</strong></span> <span class='ocrx_word' id='word_1_21' title='bbox 925 1058 969 1128; x_wconf 89' lang='lat' dir='ltr'><strong>dc</strong></span> <span class='ocrx_word' id='word_1_22' title='bbox 988 1054 1085 1140; x_wconf 77' lang='lat' dir='ltr'><strong>Gran</strong></span> <span class='ocrx_word' id='word_1_23' title='bbox 1138 1080 1210 1144; x_wconf 77' lang='lat' dir='ltr'><strong>ono</strong></span> <span class='ocrx_word' id='word_1_24' title='bbox 1227 1053 1378 1154; x_wconf 68' lang='lat' dir='ltr'><strong>secundo</strong></span> <span class='ocrx_word' id='word_1_25' title='bbox 1392 1058 1450 1131; x_wconf 85' lang='lat' dir='ltr'><strong>dic</strong></span> <span class='ocrx_word' id='word_1_26' title='bbox 1467 1057 1591 1130; x_wconf 83' lang='lat' dir='ltr'><strong>Marcii</strong></span> <span class='ocrx_word' id='word_1_27' title='bbox 1607 1071 1698 1144; x_wconf 65' lang='grc' dir='ltr'><strong>ωηο</strong></span> <span class='ocrx_word' id='word_1_28' title='bbox 1718 1081 1776 1154; x_wconf 84' lang='lat'><strong>19.</strong></span> <span class='ocrx_word' id='word_1_29' title='bbox 2039 1077 2042 1086; x_wconf 82' lang='grc'><strong>“</strong></span> 
     </span>
    </p>

    <p class='ocr_par' dir='ltr' id='par_1_3' title="bbox 722 1152 2002 1352">
     <span class='ocr_line' id='line_1_5' title="bbox 765 1152 2002 1255; baseline 0.002 -25"><span class='ocrx_word' id='word_1_30' title='bbox 765 1155 853 1230; x_wconf 91' lang='lat' dir='ltr'><strong>Duo</strong></span> <span class='ocrx_word' id='word_1_31' title='bbox 881 1152 1147 1229; x_wconf 82' lang='lat' dir='ltr'><strong>Lescbefrichec</strong></span> <span class='ocrx_word' id='word_1_32' title='bbox 1160 1155 1305 1253; x_wconf 77' lang='lat' dir='ltr'><strong>‘argenti</strong></span> <span class='ocrx_word' id='word_1_33' title='bbox 1343 1177 1409 1250; x_wconf 84' lang='lat' dir='ltr'><strong>pro</strong></span> <span class='ocrx_word' id='word_1_34' title='bbox 1437 1156 1540 1253; x_wconf 83' lang='lat' dir='ltr'><strong>Rege</strong></span> <span class='ocrx_word' id='word_1_35' title='bbox 1574 1177 1723 1252; x_wconf 82' lang='lat' dir='ltr'><strong>quarum</strong></span> <span class='ocrx_word' id='word_1_36' title='bbox 1758 1181 1828 1233; x_wconf 90' lang='lat' dir='ltr'><strong>una</strong></span> <span class='ocrx_word' id='word_1_37' title='bbox 1857 1160 2002 1255; x_wconf 81' lang='lat' dir='ltr'><strong>pondcr’</strong></span> 
     </span>
     <span class='ocr_line' id='line_1_6' title="bbox 722 1251 1910 1352; baseline -0.002 -22"><span class='ocrx_word' id='word_1_38' title='bbox 722 1277 769 1330; x_wconf 85' lang='lat' dir='ltr'><strong>to</strong></span> <span class='ocrx_word' id='word_1_39' title='bbox 786 1254 895 1336; x_wconf 82' lang='lat' dir='ltr'><strong>mtrc’</strong></span> <span class='ocrx_word' id='word_1_40' title='bbox 924 1258 1020 1348; x_wconf 66' lang='lat' dir='ltr'><strong>god.</strong></span> <span class='ocrx_word' id='word_1_41' title='bbox 1043 1274 1086 1329; x_wconf 89' lang='lat' dir='ltr'><strong>et</strong></span> <span class='ocrx_word' id='word_1_42' title='bbox 1100 1255 1168 1328; x_wconf 79' lang='lat' dir='ltr'><strong>elia</strong></span> <span class='ocrx_word' id='word_1_43' title='bbox 1189 1251 1363 1350; x_wconf 71' lang='lat' dir='ltr'><strong>pond’rp</strong></span> <span class='ocrx_word' id='word_1_44' title='bbox 1380 1253 1495 1340; x_wconf 87' lang='lat' dir='ltr'><strong>marc’,</strong></span> <span class='ocrx_word' id='word_1_45' title='bbox 1521 1257 1593 1352; x_wconf 50' lang='lat'><strong>93„</strong></span> <span class='ocrx_word' id='word_1_46' title='bbox 1611 1256 1683 1352; x_wconf 63' lang='grc' dir='ltr'><strong>γᾶ.</strong></span> <span class='ocrx_word' id='word_1_47' title='bbox 1905 1261 1910 1270; x_wconf 84' lang='grc'><em>“</em></span> 
     </span>
    </p>

    <p class='ocr_par' dir='ltr' id='par_1_4' title="bbox 623 1352 2007 2024">
     <span class='ocr_line' id='line_1_7' title="bbox 767 1352 2007 1454; baseline 0 -26"><span class='ocrx_word' id='word_1_48' title='bbox 767 1355 888 1434; x_wconf 85' lang='lat' dir='ltr'><strong>Unum</strong></span> <span class='ocrx_word' id='word_1_49' title='bbox 914 1352 1070 1442; x_wconf 80' lang='lat' dir='ltr'><strong>scrinium</strong></span> <span class='ocrx_word' id='word_1_50' title='bbox 1096 1352 1270 1450; x_wconf 74' lang='lat' dir='ltr'><strong>eburucn’</strong></span> <span class='ocrx_word' id='word_1_51' title='bbox 1292 1353 1445 1454; x_wconf 76' lang='lat' dir='ltr'><strong>clausurn</strong></span> <span class='ocrx_word' id='word_1_52' title='bbox 1465 1376 1547 1426; x_wconf 87' lang='lat' dir='ltr'><strong>curn</strong></span> <span class='ocrx_word' id='word_1_53' title='bbox 1567 1352 1675 1428; x_wconf 87' lang='lat' dir='ltr'><strong>ierur&#39;</strong></span> <span class='ocrx_word' id='word_1_54' title='bbox 1688 1371 1727 1429; x_wconf 82' lang='lat' dir='ltr'><strong>et</strong></span> <span class='ocrx_word' id='word_1_55' title='bbox 1741 1356 1837 1451; x_wconf 85' lang='lat' dir='ltr'><strong>ligno</strong></span> <span class='ocrx_word' id='word_1_56' title='bbox 1852 1355 1926 1428; x_wconf 86' lang='lat' dir='ltr'><strong>Diii</strong></span> <span class='ocrx_word' id='word_1_57' title='bbox 1943 1359 2007 1430; x_wconf 89' lang='lat' dir='ltr'><strong>W.</strong></span> 
     </span>
     <span class='ocr_line' id='line_1_8' title="bbox 714 1449 2003 1551; baseline 0 -23"><span class='ocrx_word' id='word_1_58' title='bbox 714 1454 759 1528; x_wconf 86' lang='lat' dir='ltr'><strong>de</strong></span> <span class='ocrx_word' id='word_1_59' title='bbox 773 1454 950 1546; x_wconf 88' lang='lat' dir='ltr'><strong>Langeton</strong></span> <span class='ocrx_word' id='word_1_60' title='bbox 967 1449 1152 1544; x_wconf 75' lang='lat' dir='ltr'><strong>ligni&#39;turn,</strong></span> <span class='ocrx_word' id='word_1_61' title='bbox 1167 1449 1203 1524; x_wconf 87' lang='lat' dir='ltr'><strong>in</strong></span> <span class='ocrx_word' id='word_1_62' title='bbox 1216 1453 1291 1546; x_wconf 78' lang='lat' dir='ltr'><strong>quo</strong></span> <span class='ocrx_word' id='word_1_63' title='bbox 1307 1449 1430 1525; x_wconf 82' lang='lat' dir='ltr'><strong>scrinio</strong></span> <span class='ocrx_word' id='word_1_64' title='bbox 1446 1449 1591 1528; x_wconf 80' lang='lat' dir='ltr'><strong>lucrubt</strong></span> <span class='ocrx_word' id='word_1_65' title='bbox 1607 1451 1740 1526; x_wconf 80' lang='lat' dir='ltr'><strong>diversa</strong></span> <span class='ocrx_word' id='word_1_66' title='bbox 1756 1454 1884 1551; x_wconf 76' lang='lat' dir='ltr'><strong>jocalia</strong></span> <span class='ocrx_word' id='word_1_67' title='bbox 1895 1455 2003 1549; x_wconf 81' lang='lat' dir='ltr'><strong>Regis</strong></span> 
     </span>
     <span class='ocr_line' id='line_1_9' title="bbox 718 1547 2004 1652; baseline 0.001 -27"><span class='ocrx_word' id='word_1_68' title='bbox 718 1550 892 1649; x_wconf 81' lang='lat' dir='ltr'><strong>specialia,</strong></span> <span class='ocrx_word' id='word_1_69' title='bbox 910 1549 998 1638; x_wconf 85' lang='lat' dir='ltr'><strong>sciit,</strong></span> <span class='ocrx_word' id='word_1_70' title='bbox 1017 1551 1145 1637; x_wconf 86' lang='lat' dir='ltr'><strong>annuli,</strong></span> <span class='ocrx_word' id='word_1_71' title='bbox 1162 1547 1424 1648; x_wconf 77' lang='lat' dir='ltr'><strong>firm’,-pctnr&#39;,</strong></span> <span class='ocrx_word' id='word_1_72' title='bbox 1441 1550 1559 1636; x_wconf 74' lang='lat' dir='ltr'><strong>burst,</strong></span> <span class='ocrx_word' id='word_1_73' title='bbox 1576 1574 1665 1625; x_wconf 83' lang='lat' dir='ltr'><strong>zouc</strong></span> <span class='ocrx_word' id='word_1_74' title='bbox 1679 1569 1715 1624; x_wconf 87' lang='lat' dir='ltr'><strong>ct</strong></span> <span class='ocrx_word' id='word_1_75' title='bbox 1728 1551 1793 1626; x_wconf 87' lang='lat' dir='ltr'><strong>alia</strong></span> <span class='ocrx_word' id='word_1_76' title='bbox 1809 1552 2004 1652; x_wconf 84' lang='lat' dir='ltr'><strong>hujusmodi</strong></span> 
     </span>
     <span class='ocr_line' id='line_1_10' title="bbox 716 1647 2005 1754; baseline 0.001 -30"><span class='ocrx_word' id='word_1_77' title='bbox 716 1654 848 1725; x_wconf 79' lang='lat' dir='ltr'><strong>minuta</strong></span> <span class='ocrx_word' id='word_1_78' title='bbox 872 1650 917 1726; x_wconf 87' lang='lat' dir='ltr'><strong>de</strong></span> <span class='ocrx_word' id='word_1_79' title='bbox 939 1648 1128 1744; x_wconf 79' lang='lat' dir='ltr'><strong>quibuoin</strong></span> <span class='ocrx_word' id='word_1_80' title='bbox 1153 1647 1323 1754; x_wconf 68' lang='lat' dir='ltr'><strong>inrpntar’</strong></span> <span class='ocrx_word' id='word_1_81' title='bbox 1349 1651 1443 1744; x_wconf 76' lang='lat' dir='ltr'><strong>apud</strong></span> <span class='ocrx_word' id='word_1_82' title='bbox 1469 1651 1621 1744; x_wconf 78' lang='lat' dir='ltr'>Burgum</span> <span class='ocrx_word' id='word_1_83' title='bbox 1648 1649 1765 1724; x_wconf 73' lang='lat' dir='ltr'><strong>Sacili</strong></span> <span class='ocrx_word' id='word_1_84' title='bbox 1790 1650 1882 1726; x_wconf 89' lang='lat' dir='ltr'><strong>Petri</strong></span> <span class='ocrx_word' id='word_1_85' title='bbox 1907 1648 2005 1725; x_wconf 90' lang='lat' dir='ltr'><strong>nulla</strong></span> 
     </span>
     <span class='ocr_line' id='line_1_11' title="bbox 698 1743 2005 1844; baseline 0 -21"><span class='ocrx_word' id='word_1_86' title='bbox 698 1748 785 1824; x_wconf 64' lang='lat' dir='ltr'><strong>&#39;fuit</strong></span> <span class='ocrx_word' id='word_1_87' title='bbox 796 1748 950 1837; x_wconf 82' lang='lat' dir='ltr'><strong>mencio,</strong></span> <span class='ocrx_word' id='word_1_88' title='bbox 963 1747 1020 1820; x_wconf 85' lang='lat' dir='ltr'><strong>nili</strong></span> <span class='ocrx_word' id='word_1_89' title='bbox 1038 1753 1169 1821; x_wconf 87' lang='lat' dir='ltr'><strong>tanturn</strong></span> <span class='ocrx_word' id='word_1_90' title='bbox 1183 1743 1225 1822; x_wconf 80' lang='lat' dir='ltr'><strong>de</strong></span> <span class='ocrx_word' id='word_1_91' title='bbox 1240 1746 1485 1842; x_wconf 77' lang='lat' dir='ltr'><strong>icciuioebur&#39;.</strong></span> <span class='ocrx_word' id='word_1_92' title='bbox 1495 1748 1665 1844; x_wconf 76' lang='lat' dir='ltr'><strong>prediilo,</strong></span> <span class='ocrx_word' id='word_1_93' title='bbox 1678 1746 1763 1844; x_wconf 81' lang='lat' dir='ltr'><strong>qnia</strong></span> <span class='ocrx_word' id='word_1_94' title='bbox 1774 1750 1818 1821; x_wconf 87' lang='lat' dir='ltr'><strong>arl</strong></span> <span class='ocrx_word' id='word_1_95' title='bbox 1837 1772 1919 1823; x_wconf 90' lang='lat' dir='ltr'><strong>tunc</strong></span> <span class='ocrx_word' id='word_1_96' title='bbox 1938 1750 2005 1823; x_wconf 85' lang='lat' dir='ltr'><strong>fuit</strong></span> 
     </span>
     <span class='ocr_line' id='line_1_12' title="bbox 623 1845 2007 2024; baseline -0.001 -102"><span class='ocrx_word' id='word_1_97' title='bbox 623 1885 626 1890; x_wconf 94' lang='lat'>·</span> <span class='ocrx_word' id='word_1_98' title='bbox 715 1847 869 2024; x_wconf 45' lang='lat' dir='ltr'><strong>{auium</strong></span> <span class='ocrx_word' id='word_1_99' title='bbox 884 1869 925 1962; x_wconf 78' lang='lat' dir='ltr'><strong>ut</strong></span> <span class='ocrx_word' id='word_1_100' title='bbox 943 1846 1129 1960; x_wconf 79' lang='lat' dir='ltr'><strong>predicitur</strong></span> <span class='ocrx_word' id='word_1_101' title='bbox 1141 1864 1179 1919; x_wconf 81' lang='lat' dir='ltr'><strong>ct</strong></span> <span class='ocrx_word' id='word_1_102' title='bbox 1193 1845 1361 1945; x_wconf 83' lang='lat' dir='ltr'><strong>lignatum</strong></span> <span class='ocrx_word' id='word_1_103' title='bbox 1375 1867 1412 1921; x_wconf 83' lang='lat' dir='ltr'><strong>ot</strong></span> <span class='ocrx_word' id='word_1_104' title='bbox 1428 1867 1566 1923; x_wconf 79' lang='lat' dir='ltr'><strong>vocatur</strong></span> <span class='ocrx_word' id='word_1_105' title='bbox 1577 1845 1729 1922; x_wconf 81' lang='lat' dir='ltr'><strong>foroerua</strong></span> <span class='ocrx_word' id='word_1_106' title='bbox 1744 1868 1822 1920; x_wconf 81' lang='lat' dir='ltr'><strong>cunr</strong></span> <span class='ocrx_word' id='word_1_107' title='bbox 1833 1850 2007 1949; x_wconf 79' lang='lat' dir='ltr'><strong>jocalibus</strong></span> 
     </span>
    </p>

    <p class='ocr_par' dir='ltr' id='par_1_5' title="bbox 716 1959 2007 2344">
     <span class='ocr_line' id='line_1_13' title="bbox 788 1959 1549 2024; baseline -0.011 0"><span class='ocrx_word' id='word_1_108' title='bbox 788 1965 824 2024; x_wconf 82' lang='lat' dir='ltr'><strong>&#39;u</strong></span> <span class='ocrx_word' id='word_1_109' title='bbox 866 1965 993 2022; x_wconf 82' lang='lat' dir='ltr'><strong>matu.</strong></span> <span class='ocrx_word' id='word_1_110' title='bbox 1184 1997 1187 2013; x_wconf 48' lang='lat' dir='ltr'><strong>r</strong></span> <span class='ocrx_word' id='word_1_111' title='bbox 1479 1959 1489 1974; x_wconf 87' lang='lat'><strong>·</strong></span> <span class='ocrx_word' id='word_1_112' title='bbox 1545 2009 1549 2016; x_wconf 91' lang='lat'>.</span> 
     </span>
     <span class='ocr_line' id='line_1_14' title="bbox 753 1971 2007 2142; baseline 0.002 -23"><span class='ocrx_word' id='word_1_113' title='bbox 753 2029 758 2040; x_wconf 76' lang='grc'><em>’</em></span> <span class='ocrx_word' id='word_1_114' title='bbox 811 1971 875 2119; x_wconf 53' lang='grc' dir='ltr'><strong>οἷο</strong></span> <span class='ocrx_word' id='word_1_115' title='bbox 891 2043 1049 2118; x_wconf 82' lang='lat' dir='ltr'><strong>forcerut</strong></span> <span class='ocrx_word' id='word_1_116' title='bbox 1071 2042 1174 2140; x_wconf 85' lang='lat' dir='ltr'><strong>coop&#39;</strong></span> <span class='ocrx_word' id='word_1_117' title='bbox 1187 2041 1234 2118; x_wconf 82' lang='lat' dir='ltr'><strong>tle</strong></span> <span class='ocrx_word' id='word_1_118' title='bbox 1252 2031 1336 2122; x_wconf 81' lang='lat' dir='ltr'><strong>uoo&#39;</strong></span> <span class='ocrx_word' id='word_1_119' title='bbox 1346 2043 1470 2142; x_wconf 75' lang='lat' dir='ltr'><strong>panno,</strong></span> <span class='ocrx_word' id='word_1_120' title='bbox 1480 2045 1526 2119; x_wconf 76' lang='lat' dir='ltr'><strong>be</strong></span> <span class='ocrx_word' id='word_1_121' title='bbox 1548 2045 1657 2121; x_wconf 80' lang='lat' dir='ltr'><strong>serico</strong></span> <span class='ocrx_word' id='word_1_122' title='bbox 1670 2065 1751 2120; x_wconf 86' lang='lat' dir='ltr'><strong>cunt</strong></span> <span class='ocrx_word' id='word_1_123' title='bbox 1765 2042 1907 2122; x_wconf 83' lang='lat' dir='ltr'><strong>tlircrlir</strong></span> <span class='ocrx_word' id='word_1_124' title='bbox 1922 2044 2007 2122; x_wconf 82' lang='lat' dir='ltr'><strong>reli·</strong></span> 
     </span>
     <span class='ocr_line' id='line_1_15' title="bbox 716 2140 1708 2244; baseline 0.001 -26"><span class='ocrx_word' id='word_1_125' title='bbox 716 2144 807 2242; x_wconf 76' lang='lat' dir='ltr'><strong>quiin</strong></span> <span class='ocrx_word' id='word_1_126' title='bbox 819 2145 954 2218; x_wconf 85' lang='lat' dir='ltr'><strong>billatis</strong></span> <span class='ocrx_word' id='word_1_127' title='bbox 969 2166 1040 2237; x_wconf 85' lang='lat' dir='ltr'><strong>qne</strong></span> <span class='ocrx_word' id='word_1_128' title='bbox 1058 2140 1349 2244; x_wconf 68' lang='lat' dir='ltr'><strong>fuctuntchioe</strong></span> <span class='ocrx_word' id='word_1_129' title='bbox 1363 2141 1548 2226; x_wconf 63' lang='lat' dir='ltr'><strong>conteror,</strong></span> <span class='ocrx_word' id='word_1_130' title='bbox 1705 2205 1708 2234; x_wconf 43' lang='lat' dir='ltr'>i</span> 
     </span>
     <span class='ocr_line' id='line_1_16' title="bbox 768 2241 1830 2344; baseline -0.006 -28"><span class='ocrx_word' id='word_1_131' title='bbox 768 2246 807 2316; x_wconf 91' lang='lat' dir='ltr'><strong>ln</strong></span> <span class='ocrx_word' id='word_1_132' title='bbox 817 2243 972 2339; x_wconf 78' lang='lat' dir='ltr'><strong>quodam</strong></span> <span class='ocrx_word' id='word_1_133' title='bbox 982 2243 1082 2315; x_wconf 84' lang='lat' dir='ltr'><strong>cluto</strong></span> <span class='ocrx_word' id='word_1_134' title='bbox 1099 2241 1194 2317; x_wconf 89' lang='lat' dir='ltr'><strong>lineo</strong></span> <span class='ocrx_word' id='word_1_135' title='bbox 1206 2241 1338 2322; x_wconf 70' lang='lat' dir='ltr'><strong>diutile</strong></span> <span class='ocrx_word' id='word_1_136' title='bbox 1355 2265 1455 2341; x_wconf 87' lang='lat' dir='ltr'><strong>petre</strong></span> <span class='ocrx_word' id='word_1_137' title='bbox 1465 2241 1510 2317; x_wconf 83' lang='lat' dir='ltr'><strong>de</strong></span> <span class='ocrx_word' id='word_1_138' title='bbox 1523 2245 1556 2316; x_wconf 82' lang='lat' dir='ltr'><strong>la</strong></span> <span class='ocrx_word' id='word_1_139' title='bbox 1571 2243 1830 2344; x_wconf 75' lang='lat' dir='ltr'><strong>Qparenteyue.</strong></span> 
     </span>
    </p>
   </div>
   <div class='ocr_carea' id='block_1_3' title="bbox 752 2338 2153 2438">
    <p class='ocr_par' dir='ltr' id='par_1_6' title="bbox 752 2338 2153 2438">
     <span class='ocr_line' id='line_1_17' title="bbox 752 2338 2153 2438; baseline -0.001 -22"><span class='ocrx_word' id='word_1_140' title='bbox 752 2342 811 2416; x_wconf 85' lang='lat' dir='ltr'><strong>-1n</strong></span> <span class='ocrx_word' id='word_1_141' title='bbox 826 2343 976 2438; x_wconf 82' lang='lat' dir='ltr'><strong>quodam</strong></span> <span class='ocrx_word' id='word_1_142' title='bbox 993 2341 1166 2414; x_wconf 77' lang='lat' dir='ltr'><strong>crescente</strong></span> <span class='ocrx_word' id='word_1_143' title='bbox 1183 2341 1312 2438; x_wconf 78' lang='lat' dir='ltr'><strong>argenti</strong></span> <span class='ocrx_word' id='word_1_144' title='bbox 1328 2342 1424 2418; x_wconf 82' lang='lat' dir='ltr'><strong>costa</strong></span> <span class='ocrx_word' id='word_1_145' title='bbox 1439 2342 1554 2415; x_wconf 79' lang='lat' dir='ltr'><strong>Sanlli</strong></span> <span class='ocrx_word' id='word_1_146' title='bbox 1569 2341 1683 2430; x_wconf 68' lang='lat' dir='ltr'><strong>urani,</strong></span> <span class='ocrx_word' id='word_1_147' title='bbox 1707 2342 1856 2433; x_wconf 65' lang='lat' dir='ltr'><strong>⁴ptualle</strong></span> <span class='ocrx_word' id='word_1_148' title='bbox 1872 2338 1952 2412; x_wconf 86' lang='lat' dir='ltr'><strong>albe</strong></span> <span class='ocrx_word' id='word_1_149' title='bbox 1970 2357 2009 2414; x_wconf 88' lang='lat' dir='ltr'><strong>et</strong></span> <span class='ocrx_word' id='word_1_150' title='bbox 2149 2363 2153 2378; x_wconf 89' lang='lat'><em>·</em></span> 
     </span>
    </p>
   </div>
   <div class='ocr_carea' id='block_1_4' title="bbox 719 2436 2006 2538">
    <p class='ocr_par' dir='ltr' id='par_1_7' title="bbox 719 2436 2006 2538">
     <span class='ocr_line' id='line_1_18' title="bbox 719 2436 2006 2538; baseline -0.001 -25"><span class='ocrx_word' id='word_1_151' title='bbox 719 2439 811 2513; x_wconf 84' lang='lat' dir='ltr'><strong>clare</strong></span> <span class='ocrx_word' id='word_1_152' title='bbox 828 2443 872 2515; x_wconf 88' lang='lat' dir='ltr'><strong>de</strong></span> <span class='ocrx_word' id='word_1_153' title='bbox 885 2440 993 2514; x_wconf 83' lang='lat' dir='ltr'><strong>serico</strong></span> <span class='ocrx_word' id='word_1_154' title='bbox 1007 2439 1040 2511; x_wconf 82' lang='lat' dir='ltr'><strong>in</strong></span> <span class='ocrx_word' id='word_1_155' title='bbox 1061 2441 1197 2513; x_wconf 72' lang='lat' dir='ltr'><strong>duabus</strong></span> <span class='ocrx_word' id='word_1_156' title='bbox 1212 2441 1321 2534; x_wconf 79' lang='lat' dir='ltr'><strong>peciit</strong></span> <span class='ocrx_word' id='word_1_157' title='bbox 1336 2464 1402 2538; x_wconf 90' lang='lat' dir='ltr'><strong>pro</strong></span> <span class='ocrx_word' id='word_1_158' title='bbox 1417 2460 1543 2537; x_wconf 82' lang='lat' dir='ltr'><strong>patena</strong></span> <span class='ocrx_word' id='word_1_159' title='bbox 1555 2439 1674 2514; x_wconf 68' lang='lat' dir='ltr'><strong>cilicia</strong></span> <span class='ocrx_word' id='word_1_160' title='bbox 1691 2462 1755 2535; x_wconf 84' lang='lat' dir='ltr'><strong>per</strong></span> <span class='ocrx_word' id='word_1_161' title='bbox 1769 2440 1842 2514; x_wconf 82' lang='lat' dir='ltr'><strong>dict</strong></span> <span class='ocrx_word' id='word_1_162' title='bbox 1858 2436 2006 2512; x_wconf 76' lang='lat' dir='ltr'><strong>fellitos.</strong></span> 
     </span>
    </p>
   </div>
   <div class='ocr_carea' id='block_1_5' title="bbox 602 2538 1659 2633">
    <p class='ocr_par' dir='ltr' id='par_1_8' title="bbox 602 2538 1659 2633">
     <span class='ocr_line' id='line_1_19' title="bbox 602 2538 1659 2633; baseline -0.005 -22"><span class='ocrx_word' id='word_1_163' title='bbox 602 2577 607 2587; x_wconf 92' lang='lat'><strong>·</strong></span> <span class='ocrx_word' id='word_1_164' title='bbox 742 2538 1529 2633; x_wconf 65' lang='lat' dir='ltr'><strong>&#39;Unucparurusdeanr&#39;dclericoradiatun</strong></span> <span class='ocrx_word' id='word_1_165' title='bbox 1655 2595 1659 2606; x_wconf 96' lang='lat'><strong><em>.</em></strong></span> 
     </span>
    </p>
   </div>
   <div class='ocr_carea' id='block_1_6' title="bbox 648 2635 2013 5602">
    <p class='ocr_par' dir='ltr' id='par_1_9' title="bbox 648 2635 2013 5602">
     <span class='ocr_line' id='line_1_20' title="bbox 772 2635 1617 2732; baseline -0.002 -23"><span class='ocrx_word' id='word_1_166' title='bbox 772 2635 857 2711; x_wconf 87' lang='lat' dir='ltr'><strong>Una</strong></span> <span class='ocrx_word' id='word_1_167' title='bbox 873 2639 986 2709; x_wconf 84' lang='lat' dir='ltr'><strong>tualla·</strong></span> <span class='ocrx_word' id='word_1_168' title='bbox 996 2639 1041 2707; x_wconf 91' lang='lat' dir='ltr'><strong>de</strong></span> <span class='ocrx_word' id='word_1_169' title='bbox 1052 2635 1158 2707; x_wconf 84' lang='lat' dir='ltr'><strong>scrico</strong></span> <span class='ocrx_word' id='word_1_170' title='bbox 1170 2637 1254 2710; x_wconf 91' lang='lat' dir='ltr'><strong>albo</strong></span> <span class='ocrx_word' id='word_1_171' title='bbox 1271 2639 1405 2710; x_wconf 80' lang='lat' dir='ltr'><strong>radiata</strong></span> <span class='ocrx_word' id='word_1_172' title='bbox 1420 2661 1486 2732; x_wconf 88' lang='lat' dir='ltr'><strong>pro</strong></span> <span class='ocrx_word' id='word_1_173' title='bbox 1501 2635 1617 2710; x_wconf 84' lang='lat' dir='ltr'><strong>altari.</strong></span> 
     </span>
     <span class='ocr_line' id='line_1_21' title="bbox 768 2733 1657 2829; baseline -0.004 -21"><span class='ocrx_word' id='word_1_174' title='bbox 768 2735 886 2808; x_wconf 85' lang='lat' dir='ltr'><strong>Unum</strong></span> <span class='ocrx_word' id='word_1_175' title='bbox 904 2736 1092 2808; x_wconf 83' lang='lat' dir='ltr'><strong>auriculare</strong></span> <span class='ocrx_word' id='word_1_176' title='bbox 1108 2738 1154 2808; x_wconf 84' lang='lat' dir='ltr'><strong>dc</strong></span> <span class='ocrx_word' id='word_1_177' title='bbox 1167 2759 1284 2828; x_wconf 80' lang='lat' dir='ltr'><strong>pauno</strong></span> <span class='ocrx_word' id='word_1_178' title='bbox 1296 2734 1341 2807; x_wconf 86' lang='lat' dir='ltr'><strong>rle</strong></span> <span class='ocrx_word' id='word_1_179' title='bbox 1358 2737 1445 2807; x_wconf 72' lang='lat' dir='ltr'><strong>lars</strong></span> <span class='ocrx_word' id='word_1_180' title='bbox 1459 2758 1525 2829; x_wconf 90' lang='lat' dir='ltr'><strong>pro</strong></span> <span class='ocrx_word' id='word_1_181' title='bbox 1540 2733 1657 2808; x_wconf 85' lang='lat' dir='ltr'><strong>altari.</strong></span> 
     </span>
     <span class='ocr_line' id='line_1_22' title="bbox 768 2830 1935 2932; baseline 0.004 -27"><span class='ocrx_word' id='word_1_182' title='bbox 768 2831 872 2907; x_wconf 85' lang='lat' dir='ltr'><strong>Unus</strong></span> <span class='ocrx_word' id='word_1_183' title='bbox 886 2833 972 2906; x_wconf 90' lang='lat' dir='ltr'><strong>liber</strong></span> <span class='ocrx_word' id='word_1_184' title='bbox 985 2835 1046 2928; x_wconf 90' lang='lat' dir='ltr'><strong>qui</strong></span> <span class='ocrx_word' id='word_1_185' title='bbox 1064 2832 1183 2929; x_wconf 87' lang='lat' dir='ltr'><strong>incipit</strong></span> <span class='ocrx_word' id='word_1_186' title='bbox 1204 2833 1233 2876; x_wconf 61' lang='lat'><strong>“⁴</strong></span> <span class='ocrx_word' id='word_1_187' title='bbox 1246 2833 1415 2932; x_wconf 74' lang='lat' dir='ltr'><strong>Prologus</strong></span> <span class='ocrx_word' id='word_1_188' title='bbox 1431 2830 1466 2904; x_wconf 89' lang='lat' dir='ltr'><strong>in</strong></span> <span class='ocrx_word' id='word_1_189' title='bbox 1479 2831 1657 2909; x_wconf 73' lang='lat' dir='ltr'><strong>cronica.”</strong></span> <span class='ocrx_word' id='word_1_190' title='bbox 1931 2901 1935 2910; x_wconf 94' lang='lat'><em>.</em></span> 
     </span>
     <span class='ocr_line' id='line_1_23' title="bbox 771 2928 2009 3030; baseline 0 -29"><span class='ocrx_word' id='word_1_191' title='bbox 771 2928 876 3004; x_wconf 81' lang='lat' dir='ltr'><strong>Uuut</strong></span> <span class='ocrx_word' id='word_1_192' title='bbox 887 2933 1031 3007; x_wconf 87' lang='lat' dir='ltr'><strong>libcrde</strong></span> <span class='ocrx_word' id='word_1_193' title='bbox 1044 2930 1254 3019; x_wconf 82' lang='lat' dir='ltr'><strong>lloinairntz,¹</strong></span> <span class='ocrx_word' id='word_1_194' title='bbox 1266 2931 1329 3030; x_wconf 87' lang='lat' dir='ltr'><strong>qui</strong></span> <span class='ocrx_word' id='word_1_195' title='bbox 1342 2929 1468 3028; x_wconf 85' lang='lat' dir='ltr'><strong>incipit</strong></span> <span class='ocrx_word' id='word_1_196' title='bbox 1484 2935 1509 2976; x_wconf 79' lang='lat'><strong>‘⁸</strong></span> <span class='ocrx_word' id='word_1_197' title='bbox 1520 2931 1721 3005; x_wconf 84' lang='lat' dir='ltr'><strong>Cristiensse</strong></span> <span class='ocrx_word' id='word_1_198' title='bbox 1732 2948 1811 3006; x_wconf 74' lang='lat' dir='ltr'><strong>noct</strong></span> <span class='ocrx_word' id='word_1_199' title='bbox 1824 2947 2009 3014; x_wconf 84' lang='lat' dir='ltr'><strong>entremet·</strong></span> 
     </span>
     <span class='ocr_line' id='line_1_24' title="bbox 822 3029 1932 3106; baseline -0.005 -43"><span class='ocrx_word' id='word_1_200' title='bbox 822 3029 913 3106; x_wconf 56' lang='lat' dir='ltr'><strong>tre.»</strong></span> <span class='ocrx_word' id='word_1_201' title='bbox 1278 3031 1280 3036; x_wconf 94' lang='lat'>&#39;</span> <span class='ocrx_word' id='word_1_202' title='bbox 1928 3071 1932 3080; x_wconf 39' lang='grc' dir='ltr'>Ι</span> 
     </span>
     <span class='ocr_line' id='line_1_25' title="bbox 774 3125 1545 3225; baseline 0.001 -25"><span class='ocrx_word' id='word_1_203' title='bbox 774 3127 877 3203; x_wconf 88' lang='lat' dir='ltr'><strong>Unus</strong></span> <span class='ocrx_word' id='word_1_204' title='bbox 895 3130 983 3210; x_wconf 83' lang='lat' dir='ltr'><strong>liber</strong></span> <span class='ocrx_word' id='word_1_205' title='bbox 999 3128 1061 3223; x_wconf 91' lang='lat' dir='ltr'><strong>qui</strong></span> <span class='ocrx_word' id='word_1_206' title='bbox 1080 3127 1202 3225; x_wconf 87' lang='lat' dir='ltr'><strong>incipit</strong></span> <span class='ocrx_word' id='word_1_207' title='bbox 1232 3132 1259 3173; x_wconf 87' lang='lat'><strong>“</strong></span> <span class='ocrx_word' id='word_1_208' title='bbox 1275 3126 1397 3202; x_wconf 82' lang='lat' dir='ltr'><strong>Palatli</strong></span> <span class='ocrx_word' id='word_1_209' title='bbox 1413 3125 1545 3204; x_wconf 87' lang='lat' dir='ltr'><strong>rutili.”</strong></span> 
     </span>
     <span class='ocr_line' id='line_1_26' title="bbox 774 3222 2008 3323; baseline -0.002 -23"><span class='ocrx_word' id='word_1_210' title='bbox 774 3227 959 3306; x_wconf 83' lang='lat' dir='ltr'><strong>Uuazona</strong></span> <span class='ocrx_word' id='word_1_211' title='bbox 970 3253 1050 3302; x_wconf 89' lang='lat' dir='ltr'><strong>curn</strong></span> <span class='ocrx_word' id='word_1_212' title='bbox 1063 3230 1214 3302; x_wconf 80' lang='lat' dir='ltr'><strong>cathenis</strong></span> <span class='ocrx_word' id='word_1_213' title='bbox 1231 3224 1364 3323; x_wconf 77' lang='lat' dir='ltr'><strong>argenti</strong></span> <span class='ocrx_word' id='word_1_214' title='bbox 1380 3225 1508 3301; x_wconf 86' lang='lat' dir='ltr'><strong>anuell’</strong></span> <span class='ocrx_word' id='word_1_215' title='bbox 1523 3251 1603 3301; x_wconf 90' lang='lat' dir='ltr'><strong>curn</strong></span> <span class='ocrx_word' id='word_1_216' title='bbox 1619 3223 1709 3322; x_wconf 88' lang='lat' dir='ltr'><strong>targ’</strong></span> <span class='ocrx_word' id='word_1_217' title='bbox 1724 3245 1758 3297; x_wconf 83' lang='lat' dir='ltr'><strong>et</strong></span> <span class='ocrx_word' id='word_1_218' title='bbox 1775 3222 1937 3300; x_wconf 78' lang='lat' dir='ltr'><strong>membru</strong></span> <span class='ocrx_word' id='word_1_219' title='bbox 1954 3250 2008 3298; x_wconf 90' lang='lat' dir='ltr'><strong>ar·</strong></span> 
     </span>
     <span class='ocr_line' id='line_1_27' title="bbox 723 3325 1462 3425; baseline -0.007 -24"><span class='ocrx_word' id='word_1_220' title='bbox 723 3329 820 3425; x_wconf 86' lang='lat' dir='ltr'><strong>genti</strong></span> <span class='ocrx_word' id='word_1_221' title='bbox 837 3325 948 3425; x_wconf 89' lang='lat' dir='ltr'><strong>pond&#39;</strong></span> <span class='ocrx_word' id='word_1_222' title='bbox 969 3328 1030 3422; x_wconf 76' lang='lat'><strong>41.</strong></span> <span class='ocrx_word' id='word_1_223' title='bbox 1053 3331 1130 3400; x_wconf 70' lang='lat' dir='ltr'><strong>roi</strong></span> <span class='ocrx_word' id='word_1_224' title='bbox 1149 3325 1259 3421; x_wconf 81' lang='lat' dir='ltr'><strong>precii</strong></span> <span class='ocrx_word' id='word_1_225' title='bbox 1276 3327 1336 3417; x_wconf 88' lang='lat' dir='ltr'><strong>9l.</strong></span> <span class='ocrx_word' id='word_1_226' title='bbox 1457 3403 1462 3412; x_wconf 29' lang='lat'>¹</span> 
     </span>
     <span class='ocr_line' id='line_1_28' title="bbox 773 3417 2013 3526; baseline -0.005 -27"><span class='ocrx_word' id='word_1_227' title='bbox 773 3428 874 3501; x_wconf 87' lang='lat' dir='ltr'><strong>Unus</strong></span> <span class='ocrx_word' id='word_1_228' title='bbox 897 3426 1075 3500; x_wconf 88' lang='lat' dir='ltr'><strong>moulcber</strong></span> <span class='ocrx_word' id='word_1_229' title='bbox 1095 3448 1175 3526; x_wconf 84' lang='lat' dir='ltr'><strong>cunt</strong></span> <span class='ocrx_word' id='word_1_230' title='bbox 1201 3424 1291 3500; x_wconf 82' lang='lat' dir='ltr'><strong>foliis</strong></span> <span class='ocrx_word' id='word_1_231' title='bbox 1317 3422 1394 3497; x_wconf 88' lang='lat' dir='ltr'><strong>auri</strong></span> <span class='ocrx_word' id='word_1_232' title='bbox 1420 3442 1457 3498; x_wconf 86' lang='lat' dir='ltr'><strong>et</strong></span> <span class='ocrx_word' id='word_1_233' title='bbox 1479 3422 1584 3520; x_wconf 83' lang='lat' dir='ltr'><strong>perlis</strong></span> <span class='ocrx_word' id='word_1_234' title='bbox 1600 3423 1638 3508; x_wconf 86' lang='lat' dir='ltr'><strong>in</strong></span> <span class='ocrx_word' id='word_1_235' title='bbox 1654 3446 1726 3499; x_wconf 90' lang='lat' dir='ltr'><strong>uno</strong></span> <span class='ocrx_word' id='word_1_236' title='bbox 1742 3417 1834 3498; x_wconf 80' lang='lat' dir='ltr'><strong>callo</strong></span> <span class='ocrx_word' id='word_1_237' title='bbox 1851 3421 1897 3495; x_wconf 84' lang='lat' dir='ltr'><strong>dc</strong></span> <span class='ocrx_word' id='word_1_238' title='bbox 1920 3419 2013 3496; x_wconf 91' lang='lat' dir='ltr'><strong>corio</strong></span> 
     </span>
     <span class='ocr_line' id='line_1_29' title="bbox 723 3517 1213 3622; baseline -0.004 -25"><span class='ocrx_word' id='word_1_239' title='bbox 723 3525 788 3622; x_wconf 91' lang='lat' dir='ltr'><strong>qui</strong></span> <span class='ocrx_word' id='word_1_240' title='bbox 803 3525 870 3599; x_wconf 88' lang='lat' dir='ltr'><strong>fuit</strong></span> <span class='ocrx_word' id='word_1_241' title='bbox 885 3523 1021 3620; x_wconf 81' lang='lat' dir='ltr'><strong>Regino</strong></span> <span class='ocrx_word' id='word_1_242' title='bbox 1037 3517 1213 3598; x_wconf 64' lang='lat' dir='ltr'><strong>consortisi</strong></span> 
     </span>
     <span class='ocr_line' id='line_1_30' title="bbox 773 3617 1669 3719; baseline -0.006 -22"><span class='ocrx_word' id='word_1_243' title='bbox 773 3622 856 3710; x_wconf 79' lang='lat' dir='ltr'><strong>Una</strong></span> <span class='ocrx_word' id='word_1_244' title='bbox 872 3648 959 3697; x_wconf 90' lang='lat' dir='ltr'><strong>crurt</strong></span> <span class='ocrx_word' id='word_1_245' title='bbox 975 3626 1109 3719; x_wconf 77' lang='lat' dir='ltr'><strong>argenti</strong></span> <span class='ocrx_word' id='word_1_246' title='bbox 1127 3644 1198 3718; x_wconf 89' lang='lat' dir='ltr'><strong>que</strong></span> <span class='ocrx_word' id='word_1_247' title='bbox 1214 3643 1360 3696; x_wconf 81' lang='lat' dir='ltr'><strong>vocatur</strong></span> <span class='ocrx_word' id='word_1_248' title='bbox 1376 3645 1460 3695; x_wconf 84' lang='lat' dir='ltr'><strong>crux</strong></span> <span class='ocrx_word' id='word_1_249' title='bbox 1474 3617 1669 3694; x_wconf 82' lang='lat' dir='ltr'><strong>Heneford.</strong></span> 
     </span>
     <span class='ocr_line' id='line_1_31' title="bbox 773 3717 1883 3818; baseline -0.013 -16"><span class='ocrx_word' id='word_1_250' title='bbox 773 3721 860 3802; x_wconf 79' lang='lat' dir='ltr'><strong>Duo</strong></span> <span class='ocrx_word' id='word_1_251' title='bbox 875 3723 957 3795; x_wconf 90' lang='lat' dir='ltr'><strong>libri</strong></span> <span class='ocrx_word' id='word_1_252' title='bbox 974 3723 1169 3818; x_wconf 69' lang='lat' dir='ltr'><strong>garderobc,</strong></span> <span class='ocrx_word' id='word_1_253' title='bbox 1180 3723 1224 3793; x_wconf 84' lang='lat' dir='ltr'><strong>de</strong></span> <span class='ocrx_word' id='word_1_254' title='bbox 1242 3745 1332 3794; x_wconf 87' lang='lat' dir='ltr'><strong>auno</strong></span> <span class='ocrx_word' id='word_1_255' title='bbox 1348 3718 1465 3817; x_wconf 83' lang='lat' dir='ltr'><strong>Regni</strong></span> <span class='ocrx_word' id='word_1_256' title='bbox 1482 3720 1587 3813; x_wconf 85' lang='lat' dir='ltr'><strong>llegic</strong></span> <span class='ocrx_word' id='word_1_257' title='bbox 1605 3717 1779 3806; x_wconf 81' lang='lat' dir='ltr'><strong>Edwardi,</strong></span> <span class='ocrx_word' id='word_1_258' title='bbox 1809 3727 1883 3811; x_wconf 78' lang='lat'><strong>15⁰.</strong></span> 
     </span>
     <span class='ocr_line' id='line_1_32' title="bbox 699 3815 1873 3916; baseline -0.005 -24"><span class='ocrx_word' id='word_1_259' title='bbox 699 3871 702 3876; x_wconf 84' lang='lat'>·</span> <span class='ocrx_word' id='word_1_260' title='bbox 773 3817 956 3893; x_wconf 83' lang='lat' dir='ltr'><strong>Duolibri</strong></span> <span class='ocrx_word' id='word_1_261' title='bbox 973 3820 1163 3916; x_wconf 87' lang='lat' dir='ltr'><strong>garderobe</strong></span> <span class='ocrx_word' id='word_1_262' title='bbox 1179 3821 1224 3891; x_wconf 91' lang='lat' dir='ltr'><strong>dc</strong></span> <span class='ocrx_word' id='word_1_263' title='bbox 1240 3841 1330 3890; x_wconf 92' lang='lat' dir='ltr'><strong>anno</strong></span> <span class='ocrx_word' id='word_1_264' title='bbox 1346 3815 1461 3914; x_wconf 81' lang='lat' dir='ltr'><strong>Regni</strong></span> <span class='ocrx_word' id='word_1_265' title='bbox 1478 3817 1583 3915; x_wconf 79' lang='lat' dir='ltr'><strong>Regis</strong></span> <span class='ocrx_word' id='word_1_266' title='bbox 1599 3817 1770 3900; x_wconf 87' lang='lat' dir='ltr'><strong>Edwardi,</strong></span> <span class='ocrx_word' id='word_1_267' title='bbox 1799 3820 1873 3891; x_wconf 74' lang='lat' dir='ltr'><strong>th‘.</strong></span> 
     </span>
     <span class='ocr_line' id='line_1_33' title="bbox 774 3913 1881 4014; baseline -0.006 -23"><span class='ocrx_word' id='word_1_268' title='bbox 774 3916 862 3993; x_wconf 86' lang='lat' dir='ltr'><strong>Duo</strong></span> <span class='ocrx_word' id='word_1_269' title='bbox 879 3917 960 4014; x_wconf 89' lang='lat' dir='ltr'><strong>libri</strong></span> <span class='ocrx_word' id='word_1_270' title='bbox 975 3919 1164 4013; x_wconf 79' lang='lat' dir='ltr'><strong>garderobe</strong></span> <span class='ocrx_word' id='word_1_271' title='bbox 1180 3918 1223 3989; x_wconf 88' lang='lat' dir='ltr'><strong>de</strong></span> <span class='ocrx_word' id='word_1_272' title='bbox 1241 3939 1334 3991; x_wconf 86' lang='lat' dir='ltr'><strong>anno</strong></span> <span class='ocrx_word' id='word_1_273' title='bbox 1349 3914 1462 4012; x_wconf 84' lang='lat' dir='ltr'><strong>Regni</strong></span> <span class='ocrx_word' id='word_1_274' title='bbox 1480 3913 1587 4011; x_wconf 87' lang='lat' dir='ltr'><strong>Regis</strong></span> <span class='ocrx_word' id='word_1_275' title='bbox 1603 3914 1780 4002; x_wconf 82' lang='lat' dir='ltr'><strong>Edwardi,</strong></span> <span class='ocrx_word' id='word_1_276' title='bbox 1809 3923 1881 4007; x_wconf 82' lang='lat'>17⁰.</span> 
     </span>
     <span class='ocr_line' id='line_1_34' title="bbox 775 4011 1999 4110; baseline -0.007 -20"><span class='ocrx_word' id='word_1_277' title='bbox 775 4015 863 4090; x_wconf 87' lang='lat' dir='ltr'><strong>Duo</strong></span> <span class='ocrx_word' id='word_1_278' title='bbox 879 4017 959 4090; x_wconf 88' lang='lat' dir='ltr'><strong>libri</strong></span> <span class='ocrx_word' id='word_1_279' title='bbox 976 4015 1164 4110; x_wconf 85' lang='lat' dir='ltr'><strong>garderobe</strong></span> <span class='ocrx_word' id='word_1_280' title='bbox 1181 4017 1225 4089; x_wconf 91' lang='lat' dir='ltr'><strong>dc</strong></span> <span class='ocrx_word' id='word_1_281' title='bbox 1242 4037 1332 4089; x_wconf 91' lang='lat' dir='ltr'><strong>anno</strong></span> <span class='ocrx_word' id='word_1_282' title='bbox 1349 4014 1460 4110; x_wconf 76' lang='lat' dir='ltr'><strong>Regni</strong></span> <span class='ocrx_word' id='word_1_283' title='bbox 1476 4013 1583 4108; x_wconf 85' lang='lat' dir='ltr'><strong>chls</strong></span> <span class='ocrx_word' id='word_1_284' title='bbox 1599 4013 1773 4101; x_wconf 62' lang='lat' dir='ltr'><strong>Edwardi</strong></span> <span class='ocrx_word' id='word_1_285' title='bbox 1802 4011 1874 4087; x_wconf 79' lang='lat'><strong>18⁰.</strong></span> <span class='ocrx_word' id='word_1_286' title='bbox 1996 4041 1999 4046; x_wconf 95' lang='lat'>·</span> 
     </span>
     <span class='ocr_line' id='line_1_35' title="bbox 762 4107 2012 4210; baseline -0.006 -22"><span class='ocrx_word' id='word_1_287' title='bbox 762 4113 895 4190; x_wconf 34' lang='lat' dir='ltr'><strong>*Rotuli</strong></span> <span class='ocrx_word' id='word_1_288' title='bbox 921 4113 1040 4190; x_wconf 78' lang='lat' dir='ltr'><strong>direrfi</strong></span> <span class='ocrx_word' id='word_1_289' title='bbox 1063 4116 1098 4186; x_wconf 89' lang='lat' dir='ltr'><strong>in</strong></span> <span class='ocrx_word' id='word_1_290' title='bbox 1125 4113 1283 4210; x_wconf 79' lang='lat' dir='ltr'><strong>pocberit</strong></span> <span class='ocrx_word' id='word_1_291' title='bbox 1309 4115 1355 4185; x_wconf 88' lang='lat' dir='ltr'><strong>de</strong></span> <span class='ocrx_word' id='word_1_292' title='bbox 1377 4113 1514 4186; x_wconf 85' lang='lat' dir='ltr'><strong>canabo</strong></span> <span class='ocrx_word' id='word_1_293' title='bbox 1529 4131 1563 4184; x_wconf 91' lang='lat' dir='ltr'><strong>et</strong></span> <span class='ocrx_word' id='word_1_294' title='bbox 1577 4114 1646 4196; x_wconf 79' lang='lat' dir='ltr'><strong>bue</strong></span> <span class='ocrx_word' id='word_1_295' title='bbox 1662 4110 1820 4206; x_wconf 82' lang='lat' dir='ltr'><strong>pocbetia</strong></span> <span class='ocrx_word' id='word_1_296' title='bbox 1838 4109 1883 4183; x_wconf 88' lang='lat' dir='ltr'><strong>de</strong></span> <span class='ocrx_word' id='word_1_297' title='bbox 1899 4107 2012 4201; x_wconf 86' lang='lat' dir='ltr'><strong>comp&#39;</strong></span> 
     </span>
     <span class='ocr_line' id='line_1_36' title="bbox 727 4206 2009 4316; baseline -0.007 -26"><span class='ocrx_word' id='word_1_298' title='bbox 727 4217 924 4316; x_wconf 80' lang='lat' dir='ltr'><strong>garderobe</strong></span> <span class='ocrx_word' id='word_1_299' title='bbox 942 4216 985 4288; x_wconf 90' lang='lat' dir='ltr'><strong>de</strong></span> <span class='ocrx_word' id='word_1_300' title='bbox 1001 4212 1138 4288; x_wconf 83' lang='lat' dir='ltr'><strong>diverfis</strong></span> <span class='ocrx_word' id='word_1_301' title='bbox 1164 4214 1261 4286; x_wconf 85' lang='lat' dir='ltr'><strong>annis</strong></span> <span class='ocrx_word' id='word_1_302' title='bbox 1279 4214 1375 4288; x_wconf 89' lang='lat' dir='ltr'><strong>etde</strong></span> <span class='ocrx_word' id='word_1_303' title='bbox 1393 4209 1508 4309; x_wconf 85' lang='lat' dir='ltr'><strong>comp’</strong></span> <span class='ocrx_word' id='word_1_304' title='bbox 1529 4209 1677 4284; x_wconf 84' lang='lat' dir='ltr'><strong>aliorum</strong></span> <span class='ocrx_word' id='word_1_305' title='bbox 1692 4206 1816 4283; x_wconf 84' lang='lat' dir='ltr'><strong>reddit’</strong></span> <span class='ocrx_word' id='word_1_306' title='bbox 1832 4209 1869 4282; x_wconf 87' lang='lat' dir='ltr'><strong>in</strong></span> <span class='ocrx_word' id='word_1_307' title='bbox 1887 4211 2009 4304; x_wconf 85' lang='lat' dir='ltr'><strong>garde-</strong></span> 
     </span>
     <span class='ocr_line' id='line_1_37' title="bbox 728 4305 1461 4389; baseline -0.01 0"><span class='ocrx_word' id='word_1_308' title='bbox 728 4316 827 4389; x_wconf 81' lang='lat' dir='ltr'><strong>roba.</strong></span> <span class='ocrx_word' id='word_1_309' title='bbox 1348 4361 1349 4364; x_wconf 15' lang='grc' dir='ltr'>η</span> <span class='ocrx_word' id='word_1_310' title='bbox 1453 4305 1461 4321; x_wconf 82' lang='grc'><strong>’</strong></span> 
     </span>
     <span class='ocr_line' id='line_1_38' title="bbox 777 4404 1726 4510; baseline -0.004 -26"><span class='ocrx_word' id='word_1_311' title='bbox 777 4414 883 4485; x_wconf 83' lang='lat' dir='ltr'><strong>Unus</strong></span> <span class='ocrx_word' id='word_1_312' title='bbox 899 4412 988 4486; x_wconf 89' lang='lat' dir='ltr'><strong>liber</strong></span> <span class='ocrx_word' id='word_1_313' title='bbox 1002 4411 1065 4505; x_wconf 90' lang='lat' dir='ltr'><strong>qui</strong></span> <span class='ocrx_word' id='word_1_314' title='bbox 1083 4409 1205 4510; x_wconf 86' lang='lat' dir='ltr'><strong>incipit</strong></span> <span class='ocrx_word' id='word_1_315' title='bbox 1219 4414 1249 4452; x_wconf 91' lang='lat'><strong>“</strong></span> <span class='ocrx_word' id='word_1_316' title='bbox 1265 4409 1385 4496; x_wconf 68' lang='lat' dir='ltr'><strong>Unde</strong></span> <span class='ocrx_word' id='word_1_317' title='bbox 1397 4408 1526 4498; x_wconf 86' lang='lat' dir='ltr'><strong>mundo</strong></span> <span class='ocrx_word' id='word_1_318' title='bbox 1541 4407 1579 4482; x_wconf 87' lang='lat' dir='ltr'><strong>lit</strong></span> <span class='ocrx_word' id='word_1_319' title='bbox 1596 4404 1726 4480; x_wconf 80' lang='lat' dir='ltr'><strong>utilit.”</strong></span> 
     </span>
     <span class='ocr_line' id='line_1_39' title="bbox 776 4501 2011 4608; baseline -0.007 -25"><span class='ocrx_word' id='word_1_320' title='bbox 776 4511 878 4587; x_wconf 80' lang='lat' dir='ltr'><strong>Unus</strong></span> <span class='ocrx_word' id='word_1_321' title='bbox 895 4511 984 4585; x_wconf 88' lang='lat' dir='ltr'><strong>liber</strong></span> <span class='ocrx_word' id='word_1_322' title='bbox 1002 4510 1065 4608; x_wconf 91' lang='lat' dir='ltr'><strong>qui</strong></span> <span class='ocrx_word' id='word_1_323' title='bbox 1081 4508 1204 4605; x_wconf 90' lang='lat' dir='ltr'><strong>incipit</strong></span> <span class='ocrx_word' id='word_1_324' title='bbox 1220 4513 1246 4552; x_wconf 82' lang='lat'><strong>‘⁸</strong></span> <span class='ocrx_word' id='word_1_325' title='bbox 1261 4506 1472 4582; x_wconf 69' lang='lat' dir='ltr'><strong>Sanllilsrtno</strong></span> <span class='ocrx_word' id='word_1_326' title='bbox 1491 4528 1528 4582; x_wconf 85' lang='lat' dir='ltr'><strong>ot</strong></span> <span class='ocrx_word' id='word_1_327' title='bbox 1545 4501 1808 4580; x_wconf 74' lang='lat' dir='ltr'><strong>renerenuffino</strong></span> <span class='ocrx_word' id='word_1_328' title='bbox 1825 4504 1860 4577; x_wconf 95' lang='lat' dir='ltr'><strong>in</strong></span> <span class='ocrx_word' id='word_1_329' title='bbox 1872 4503 2011 4579; x_wconf 85' lang='lat' dir='ltr'><strong>Chrillo</strong></span> 
     </span>
     <span class='ocr_line' id='line_1_40' title="bbox 754 4608 1371 4696; baseline 0.003 -12"><span class='ocrx_word' id='word_1_330' title='bbox 754 4608 855 4686; x_wconf 81' lang='lat' dir='ltr'><strong>atri.”</strong></span> <span class='ocrx_word' id='word_1_331' title='bbox 952 4645 969 4696; x_wconf 77' lang='lat' dir='ltr'><strong>,r</strong></span> <span class='ocrx_word' id='word_1_332' title='bbox 1074 4689 1076 4696; x_wconf 77' lang='grc'>,</span> <span class='ocrx_word' id='word_1_333' title='bbox 1357 4661 1371 4684; x_wconf 93' lang='grc'><strong>.-</strong></span> 
     </span>
     <span class='ocr_line' id='line_1_41' title="bbox 706 4631 1798 4805; baseline -0.01 -19"><span class='ocrx_word' id='word_1_334' title='bbox 706 4631 753 4760; x_wconf 71' lang='lat' dir='ltr'><strong>·p</strong></span> <span class='ocrx_word' id='word_1_335' title='bbox 778 4687 1003 4805; x_wconf 75' lang='lat' dir='ltr'><strong>Giphuaituri</strong></span> <span class='ocrx_word' id='word_1_336' title='bbox 1021 4703 1143 4804; x_wconf 88' lang='lat' dir='ltr'><strong>pond&#39;,</strong></span> <span class='ocrx_word' id='word_1_337' title='bbox 1171 4708 1229 4801; x_wconf 82' lang='lat' dir='ltr'><strong>5l.</strong></span> <span class='ocrx_word' id='word_1_338' title='bbox 1250 4706 1336 4783; x_wconf 82' lang='lat' dir='ltr'><strong>toi.</strong></span> <span class='ocrx_word' id='word_1_339' title='bbox 1353 4699 1423 4779; x_wconf 76' lang='lat' dir='ltr'><strong>nli.</strong></span> <span class='ocrx_word' id='word_1_340' title='bbox 1794 4781 1798 4788; x_wconf 67' lang='grc'>,</span> 
     </span>
     <span class='ocr_line' id='line_1_42' title="bbox 776 4799 1690 4910; baseline -0.012 -26"><span class='ocrx_word' id='word_1_341' title='bbox 776 4809 945 4908; x_wconf 78' lang='lat' dir='ltr'><strong>Picherut</strong></span> <span class='ocrx_word' id='word_1_342' title='bbox 962 4811 1037 4882; x_wconf 90' lang='lat' dir='ltr'><strong>auri</strong></span> <span class='ocrx_word' id='word_1_343' title='bbox 1051 4831 1129 4896; x_wconf 79' lang='lat' dir='ltr'><strong>curn</strong></span> <span class='ocrx_word' id='word_1_344' title='bbox 1146 4802 1413 4910; x_wconf 72' lang='lat' dir='ltr'><strong>coop’,.pond’‚</strong></span> <span class='ocrx_word' id='word_1_345' title='bbox 1442 4803 1525 4890; x_wconf 76' lang='lat' dir='ltr'><strong>tol.</strong></span> <span class='ocrx_word' id='word_1_346' title='bbox 1545 4803 1602 4874; x_wconf 59' lang='lat' dir='ltr'><strong>ric</strong></span> <span class='ocrx_word' id='word_1_347' title='bbox 1618 4799 1690 4875; x_wconf 71' lang='lat' dir='ltr'><strong>ull.</strong></span> 
     </span>
     <span class='ocr_line' id='line_1_43' title="bbox 743 4899 1833 5002; baseline -0.006 -22"><span class='ocrx_word' id='word_1_348' title='bbox 743 4940 750 4956; x_wconf 91' lang='lat'><em>·</em></span> <span class='ocrx_word' id='word_1_349' title='bbox 777 4908 945 4984; x_wconf 87' lang='lat' dir='ltr'><strong>Picherus</strong></span> <span class='ocrx_word' id='word_1_350' title='bbox 962 4908 1133 4980; x_wconf 76' lang='lat' dir='ltr'><strong>anticum</strong></span> <span class='ocrx_word' id='word_1_351' title='bbox 1150 4906 1363 5002; x_wconf 86' lang='lat' dir='ltr'><strong>cooperculo</strong></span> <span class='ocrx_word' id='word_1_352' title='bbox 1387 4903 1494 5000; x_wconf 88' lang='lat' dir='ltr'><strong>pond’</strong></span> <span class='ocrx_word' id='word_1_353' title='bbox 1515 4900 1596 4974; x_wconf 87' lang='lat' dir='ltr'><strong>rol.</strong></span> <span class='ocrx_word' id='word_1_354' title='bbox 1619 4899 1766 4998; x_wconf 62' lang='lat' dir='ltr'><strong>tityi.</strong></span> <span class='ocrx_word' id='word_1_355' title='bbox 1829 4951 1833 4960; x_wconf 84' lang='lat'>.</span> 
     </span>
     <span class='ocr_line' id='line_1_44' title="bbox 777 5003 1497 5100; baseline -0.014 -19"><span class='ocrx_word' id='word_1_356' title='bbox 777 5008 1052 5081; x_wconf 79' lang='lat' dir='ltr'><strong>Sals’auricum</strong></span> <span class='ocrx_word' id='word_1_357' title='bbox 1069 5005 1171 5099; x_wconf 84' lang='lat' dir='ltr'><strong>coop&#39;</strong></span> <span class='ocrx_word' id='word_1_358' title='bbox 1190 5004 1304 5100; x_wconf 80' lang='lat' dir='ltr'><strong>pond&#39;</strong></span> <span class='ocrx_word' id='word_1_359' title='bbox 1325 5007 1408 5100; x_wconf 65' lang='lat'><strong>173·</strong></span> <span class='ocrx_word' id='word_1_360' title='bbox 1427 5003 1497 5075; x_wconf 76' lang='lat' dir='ltr'><strong>nu.</strong></span> 
     </span>
     <span class='ocr_line' id='line_1_45' title="bbox 775 5096 1744 5204; baseline -0.009 -27"><span class='ocrx_word' id='word_1_361' title='bbox 775 5103 883 5179; x_wconf 84' lang='lat' dir='ltr'><strong>Unus</strong></span> <span class='ocrx_word' id='word_1_362' title='bbox 898 5106 1058 5180; x_wconf 80' lang='lat' dir='ltr'><strong>lorcellna</strong></span> <span class='ocrx_word' id='word_1_363' title='bbox 1069 5105 1203 5204; x_wconf 85' lang='lat' dir='ltr'><strong>argenti</strong></span> <span class='ocrx_word' id='word_1_364' title='bbox 1221 5102 1438 5198; x_wconf 77' lang='lat' dir='ltr'><strong>procudetur,</strong></span> <span class='ocrx_word' id='word_1_365' title='bbox 1463 5096 1569 5195; x_wconf 89' lang='lat' dir='ltr'><strong>pond’</strong></span> <span class='ocrx_word' id='word_1_366' title='bbox 1592 5100 1656 5190; x_wconf 71' lang='lat'><strong>43.</strong></span> <span class='ocrx_word' id='word_1_367' title='bbox 1673 5097 1744 5170; x_wconf 79' lang='lat' dir='ltr'><strong>nu.</strong></span> 
     </span>
     <span class='ocr_line' id='line_1_46' title="bbox 648 5191 1994 5304; baseline -0.011 -26"><span class='ocrx_word' id='word_1_368' title='bbox 648 5273 650 5278; x_wconf 89' lang='lat'><em>.</em></span> <span class='ocrx_word' id='word_1_369' title='bbox 776 5205 916 5301; x_wconf 82' lang='lat' dir='ltr'><strong>Ciphua</strong></span> <span class='ocrx_word' id='word_1_370' title='bbox 928 5204 999 5302; x_wconf 79' lang='lat' dir='ltr'><strong>arg&#39;</strong></span> <span class='ocrx_word' id='word_1_371' title='bbox 1011 5207 1131 5280; x_wconf 82' lang='lat' dir='ltr'><strong>deaur&#39;</strong></span> <span class='ocrx_word' id='word_1_372' title='bbox 1142 5226 1219 5304; x_wconf 74' lang='lat' dir='ltr'><strong>curn</strong></span> <span class='ocrx_word' id='word_1_373' title='bbox 1233 5204 1321 5297; x_wconf 76' lang='lat' dir='ltr'><strong>podo</strong></span> <span class='ocrx_word' id='word_1_374' title='bbox 1334 5201 1400 5274; x_wconf 84' lang='lat' dir='ltr'><strong>stne</strong></span> <span class='ocrx_word' id='word_1_375' title='bbox 1412 5201 1640 5296; x_wconf 86' lang='lat' dir='ltr'><strong>cooperculo,</strong></span> <span class='ocrx_word' id='word_1_376' title='bbox 1657 5195 1762 5294; x_wconf 85' lang='lat' dir='ltr'><strong>pond&#39;</strong></span> <span class='ocrx_word' id='word_1_377' title='bbox 1784 5194 1831 5269; x_wconf 70' lang='lat' dir='ltr'><strong>rb</strong></span> <span class='ocrx_word' id='word_1_378' title='bbox 1846 5194 1917 5282; x_wconf 67' lang='lat'><strong>173.</strong></span> <span class='ocrx_word' id='word_1_379' title='bbox 1933 5191 1994 5287; x_wconf 66' lang='lat'><strong>33.</strong></span> 
     </span>
     <span class='ocr_line' id='line_1_47' title="bbox 777 5292 2008 5400; baseline -0.007 -25"><span class='ocrx_word' id='word_1_380' title='bbox 777 5299 916 5398; x_wconf 81' lang='lat' dir='ltr'><strong>Gipbus</strong></span> <span class='ocrx_word' id='word_1_381' title='bbox 927 5301 1001 5400; x_wconf 89' lang='lat' dir='ltr'><strong>arg’</strong></span> <span class='ocrx_word' id='word_1_382' title='bbox 1013 5301 1133 5376; x_wconf 83' lang='lat' dir='ltr'><strong>deaut’</strong></span> <span class='ocrx_word' id='word_1_383' title='bbox 1149 5324 1228 5375; x_wconf 84' lang='lat' dir='ltr'><strong>cunr</strong></span> <span class='ocrx_word' id='word_1_384' title='bbox 1244 5303 1332 5395; x_wconf 75' lang='lat' dir='ltr'><strong>pede</strong></span> <span class='ocrx_word' id='word_1_385' title='bbox 1350 5297 1418 5371; x_wconf 86' lang='lat' dir='ltr'><strong>line</strong></span> <span class='ocrx_word' id='word_1_386' title='bbox 1430 5296 1649 5394; x_wconf 85' lang='lat' dir='ltr'><strong>cooperculo,</strong></span> <span class='ocrx_word' id='word_1_387' title='bbox 1667 5294 1775 5392; x_wconf 89' lang='lat' dir='ltr'><strong>pond’</strong></span> <span class='ocrx_word' id='word_1_388' title='bbox 1797 5294 1844 5365; x_wconf 83' lang='lat' dir='ltr'><strong>tl.</strong></span> <span class='ocrx_word' id='word_1_389' title='bbox 1862 5295 1932 5390; x_wconf 64' lang='lat'><strong>173</strong></span> <span class='ocrx_word' id='word_1_390' title='bbox 1947 5292 2008 5390; x_wconf 70' lang='lat'><strong>36.</strong></span> 
     </span>
     <span class='ocr_line' id='line_1_48' title="bbox 775 5389 1960 5499; baseline -0.008 -24"><span class='ocrx_word' id='word_1_391' title='bbox 775 5401 913 5499; x_wconf 80' lang='lat' dir='ltr'><strong>Cipbna</strong></span> <span class='ocrx_word' id='word_1_392' title='bbox 926 5424 963 5473; x_wconf 85' lang='lat' dir='ltr'><strong>nr</strong></span> <span class='ocrx_word' id='word_1_393' title='bbox 989 5401 1137 5474; x_wconf 82' lang='lat' dir='ltr'><strong>&#39;deaut’</strong></span> <span class='ocrx_word' id='word_1_394' title='bbox 1150 5425 1229 5472; x_wconf 87' lang='lat' dir='ltr'><strong>curn</strong></span> <span class='ocrx_word' id='word_1_395' title='bbox 1245 5401 1336 5494; x_wconf 80' lang='lat' dir='ltr'><strong>petie</strong></span> <span class='ocrx_word' id='word_1_396' title='bbox 1352 5398 1423 5471; x_wconf 78' lang='lat' dir='ltr'><strong>fine</strong></span> <span class='ocrx_word' id='word_1_397' title='bbox 1439 5393 1666 5493; x_wconf 86' lang='lat' dir='ltr'><strong>cooperculo,</strong></span> <span class='ocrx_word' id='word_1_398' title='bbox 1679 5393 1786 5490; x_wconf 85' lang='lat' dir='ltr'><strong>pond’</strong></span> <span class='ocrx_word' id='word_1_399' title='bbox 1804 5415 1824 5486; x_wconf 80' lang='lat'>3</span> <span class='ocrx_word' id='word_1_400' title='bbox 1841 5389 1960 5465; x_wconf 79' lang='lat' dir='ltr'><strong>marc’.</strong></span> 
     </span>
     <span class='ocr_line' id='line_1_49' title="bbox 774 5488 1967 5602; baseline -0.009 -28"><span class='ocrx_word' id='word_1_401' title='bbox 774 5501 912 5602; x_wconf 72' lang='lat' dir='ltr'><strong>Cipius</strong></span> <span class='ocrx_word' id='word_1_402' title='bbox 924 5524 989 5602; x_wconf 81' lang='lat' dir='ltr'><strong>arg</strong></span> <span class='ocrx_word' id='word_1_403' title='bbox 1010 5500 1124 5577; x_wconf 65' lang='lat' dir='ltr'><strong>deaurl</strong></span> <span class='ocrx_word' id='word_1_404' title='bbox 1138 5521 1217 5575; x_wconf 86' lang='lat' dir='ltr'><strong>curn</strong></span> <span class='ocrx_word' id='word_1_405' title='bbox 1228 5497 1395 5597; x_wconf 67' lang='lat' dir='ltr'><strong>pedeure</strong></span> <span class='ocrx_word' id='word_1_406' title='bbox 1406 5495 1625 5595; x_wconf 80' lang='lat' dir='ltr'><strong>cooperculo,</strong></span> <span class='ocrx_word' id='word_1_407' title='bbox 1634 5491 1742 5592; x_wconf 79' lang='lat' dir='ltr'><strong>pond’</strong></span> <span class='ocrx_word' id='word_1_408' title='bbox 1756 5491 1802 5570; x_wconf 84' lang='lat' dir='ltr'><strong>rl.</strong></span> <span class='ocrx_word' id='word_1_409' title='bbox 1817 5492 1891 5566; x_wconf 70' lang='lat' dir='ltr'><strong>run</strong></span> <span class='ocrx_word' id='word_1_410' title='bbox 1909 5488 1967 5567; x_wconf 72' lang='lat' dir='ltr'><strong>ru:</strong></span> 
     </span>
    </p>
   </div>
   <div class='ocr_carea' id='block_1_7' title="bbox 0 0 2694 6660">
    <p class='ocr_par' dir='ltr' id='par_1_10' title="bbox 0 0 2694 6660">
     <span class='ocr_line' id='line_1_50' title="bbox 0 0 2694 6660; baseline 0 0"><span class='ocrx_word' id='word_1_411' title='bbox 0 0 2694 6660; x_wconf 95' lang='lat' dir='ltr'><strong> </strong></span> 
     </span>
    </p>
   </div>
  </div>
 </body>
</html>
