5375 6667
830 526 1148 666 rmrrro
1211 580 1851 674 ornumornum
2193 607 2267 692 3„

635 817 637 824 ·
732 784 743 928 Ι
762 784 987 878 quorumdam
1016 806 1210 881 pannorum
1241 804 1277 856 et
1304 779 1501 859 ratoneione
1529 783 1740 869 ecrnmdem
1772 781 1944 879 portagio,
2036 784 2060 861 i.
2128 792 2157 862 ξ.
2222 793 2261 867 n.

762 885 911 977 carcag’,
944 882 1130 976 discarcag’
1153 882 1361 953 diversarum
1392 906 1505 953 rernm
1537 882 1684 979 ejusdem
1716 907 1838 975 magne
1868 908 1945 977 gar-

727 942 907 1072 lderobe,
933 983 1035 1056 doliis
1054 983 1169 1058 vacuis
1187 1001 1221 1054 et
1239 980 1368 1054 batillis
1391 983 1496 1077 empt’
1513 1006 1575 1074 pro
1601 982 1805 1084 amygdalis,
1839 982 1945 1069 sacre,

762 1082 886 1157 etaliis
916 1082 1059 1175 speciar'
1077 1081 1210 1151 dirersis
1228 1080 1443 1172 imponendis
1471 1099 1506 1149 er
1532 1080 1700 1149 cariandis
1725 1083 1765 1151 ad
1797 1082 1870 1151 lora
1894 1084 1946 1154 di·

762 1181 856 1256 versa
874 1180 1109 1274 pro-expens’
1140 1177 1283 1272 hospicii
1301 1180 1421 1272 Regis,
1446 1178 1574 1250 sallum
1589 1180 1750 1275 gibarurn
1770 1201 1806 1250 et
1821 1178 1944 1253 sardes·
2029 1260 2035 1266 ,

761 1281 886 1369 lorum,
912 1278 991 1352 lana
1019 1280 1112 1370 emp'
1131 1302 1198 1372 pro
1216 1278 1402 1349 materaciis
1421 1277 1602 1361 faciendis,
1629 1279 1740 1349 vadiis
1764 1300 1798 1349 et
1817 1275 1943 1371 slipen·

758 1380 823 1451 diis
840 1377 1053 1451 diversorum
1066 1376 1186 1450 dinam
1204 1377 1433 1469 garderobam
1450 1375 1669 1462 custodienc’,
1688 1378 1837 1471 expenfis
1856 1402 1942 1451 nun-

759 1478 886 1550 ciorum
913 1498 947 1548 et
976 1475 1184 1550 sokinorum
1215 1473 1385 1548 missorum
1410 1477 1452 1547 ad
1482 1497 1593 1567 partes
1617 1476 1765 1547 diversas
1796 1501 1863 1570 pro
1882 1500 1941 1548 ne-

758 1576 865 1675 gociis
906 1575 1025 1671 Regis,
1068 1576 1175 1647 radiis
1217 1593 1253 1645 et
1291 1572 1447 1668 expensrs
1486 1575 1686 1647 clericorum
1727 1578 1938 1652 morancium

757 1674 917 1749 London'
930 1693 966 1750 et
993 1676 1189 1749 tenencium
1219 1672 1333 1745 locum
1352 1669 1433 1744 dieti
1453 1670 1524 1744 Dni
1544 1674 1631 1744 lladi
1650 1673 1780 1745 ibidem
1804 1693 1837 1743 et
1855 1675 1938 1748 alibi

757 1777 800 1846 ad
819 1775 976 1848 mandata
992 1772 1100 1869 Regis
1126 1771 1330 1864 recipienda
1347 1793 1381 1843 et
1398 1775 1612 1864 exequenda,
1638 1768 1800 1845 flassrerris
1817 1773 1936 1865 empt',

755 1869 886 1944 saslura
915 1869 1121 1949 diversorum
1154 1872 1413 1945 elesluariorum
1451 1895 1517 1964 per
1552 1871 1738 1943 Ricardum
1779 1872 1823 1944 de
1857 1871 1936 1961 Pes·

754 1971 883 2058 solano,
913 1990 949 2046 et
983 1996 1049 2067 pro
1082 1969 1156 2045 aliis
1190 1969 1290 2060 mifis,
1325 1968 1507 2057 custubns,
1528 1990 1563 2041 et
1596 1972 1751 2064 expensis
1785 1970 1938 2060 diversis,

722 2042 733 2189 Ι
754 2071 858 2146 sadis
872 2094 935 2166 per
949 2072 1099 2144 eundem
1117 2067 1207 2144 infra
1224 2092 1353 2141 annum
1369 2069 1572 2163 presentem,
1598 2092 1666 2165 pro
1683 2072 1786 2142 rebus
1801 2071 1936 2145 direrfis

753 2168 907 2243 officium
934 2168 1031 2268 suum
1057 2167 1349 2266 contingentibus,
1384 2169 1472 2242 sreut
1506 2186 1604 2266 parer
1636 2192 1702 2263 per
1731 2192 1934 2267 compotum
2016 2263 2037 2336 8
2115 2267 2135 2338 8

836 2270 937 2342 ianm
1142 2337 1144 2341 ,
1966 2284 2008 2336 21

751 2271 940 2458 predidem,
966 2366 1168 2462 percipienti
1195 2388 1258 2461 per
1278 2389 1407 2441 annum
1431 2364 1508 2439 ool.
1526 2364 1694 2455 decerto,
1716 2367 1854 2442 nomine
1870 2391 1931 2441 ra·
2189 2292 2212 2364 5

750 2468 887 2551 diorum
914 2486 951 2542 et
975 2464 1124 2562 expeos'
1150 2466 1286 2542 suarum
1314 2488 1381 2562 pro
1411 2464 1610 2563 hujusmodi
1636 2487 1748 2553 certo,
1782 2472 1827 2543 de
1854 2487 1932 2544 toro

750 2566 831 2639 anni
848 2564 996 2661 presenti
1989 2583 2037 2636 20
2112 2588 2136 2636 o
2184 2590 2209 2639 o

800 2662 940 2752 Eidem,
967 2688 1034 2759 pro
1050 2662 1187 2736 diversis
1203 2664 1371 2758 operibus
1385 2659 1483 2735 saliis
1499 2685 1568 2757 per
1583 2662 1810 2737 Robinettum
1834 2663 1931 2737 ciffo-

749 2786 825 2838 rem
841 2764 964 2861 Regis,
989 2762 1111 2845 videt,
1137 2760 1267 2835 sallum
1280 2762 1446 2836 roborum
1473 2782 1508 2834 et
1534 2762 1789 2836 linthiaminum
1807 2766 1930 2857 Regis,

751 2860 953 2951 cirothecis,
979 2860 1109 2955 laqueis
1130 2861 1179 2933 de
1197 2858 1304 2935 serico
1328 2880 1365 2935 et
1380 2860 1471 2934 botis
1487 2862 1608 2955 emptis
1635 2863 1678 2934 ad
1703 2884 1793 2956 opus
1810 2862 1929 2957 Regis,

748 2958 879 3036 sallum
908 2960 1116 3036 diversorum
1144 2984 1331 3051 armornm,
1362 2958 1566 3037 vexillorum
1591 2979 1625 3031 et
1651 2961 1926 3055 penocellorum,

746 3083 810 3155 pro
839 3061 993 3138 Domino
1023 3060 1198 3134 Eduardo
1225 3058 1300 3133 filio
1326 3057 1433 3153 Regis
1463 3081 1498 3131 et
1533 3058 1628 3153 Jone
1657 3060 1715 3131 de·
1736 3058 1926 3151 Lancaslr',

742 3158 923 3256 jamberis,
965 3158 1125 3256 poleyns,
1164 3157 1282 3254 planis,
1320 3183 1393 3234 uno
1422 3161 1560 3252 capello
1589 3155 1683 3242 ferri,
1720 3182 1788 3230 una
1815 3162 1926 3235 cresto

746 3282 825 3332 cum
861 3260 970 3334 claris
998 3258 1132 3351 argenti
1159 3280 1223 3349 pro
1247 3258 1370 3332 eodem
1389 3258 1542 3354 capello,
1567 3258 1692 3346 ¹colitis,
1719 3258 1834 3342 saccis,
1860 3260 1925 3332 ba·

746 3356 850 3433 hudia
877 3377 912 3432 et
939 3356 1073 3434 forellis
1101 3361 1193 3449 emp'
1221 3380 1285 3454 pro
1313 3354 1451 3430 dirersis
1480 3356 1662 3429 armaturis
1692 3358 1923 3450 imponendis,

745 3480 811 3530 una
844 3458 950 3532 domo
983 3458 1150 3531 condusla
1183 3454 1344 3530 London'
1378 3478 1445 3551 pro
1481 3456 1588 3528 rebus
1620 3457 1755 3528 dirersis
1782 3458 1833 3528 ⁴ad
1868 3458 1922 3532 of·

741 3552 857 3630 licium
890 3554 973 3628 dieti
1007 3554 1185 3630 Robioerti
1227 3554 1452 3651 [penaunbus
1485 3555 1701 3650 imponendis
1738 3578 1772 3627 et
1810 3554 1922 3628 custo·

741 3653 884 3741 diendis,
923 3679 1002 3730 corn
1030 3654 1111 3727 vad'
1140 3656 1241 3730 unius
1279 3655 1456 3753 garcionis
1491 3652 1524 3726 in
1557 3656 1676 3727 eadem
1706 3655 1811 3726 domo
1846 3679 1920 3728 mo·

719 3752 845 3833 ,rantis
879 3777 940 3855 per
970 3771 1082 3826 totum
1111 3777 1237 3828 annum
1272 3751 1475 3847 perieram,
1500 3773 1537 3825 et
1571 3778 1637 3845 pro
1671 3756 1774 3825 rebus
1804 3754 1919 3848 supra·

630 3881 637 3889 ·
737 3847 832 3921 dinis
865 3853 1040 3945 portandis
1073 3871 1108 3922 et
1141 3850 1310 3923 satiandis
1346 3874 1411 3946 per
1443 3850 1518 3923 loca
1551 3850 1695 3940 diversa,
1736 3876 1814 3923 curn
1844 3854 1918 3924 aliis

737 3949 1002 4044 operacionibus
1027 3948 1165 4022 dirersis
1195 3949 1291 4022 sasiis
1308 3973 1374 4045 per
1399 3952 1545 4024 eundern
1563 3950 1656 4020 Ron’
1675 3952 1761 4022 insra
1784 3975 1914 4023 annunr

737 4048 939 4144 predislum,
965 4051 1049 4120 srcut
1066 4068 1161 4143 patet
1177 4072 1240 4144 per
1257 4069 1456 4143 compotum
1476 4049 1663 4143 predistnm
1848 4105 1853 4114 .
1971 4074 2017 4150 74
2073 4080 2115 4157 ¹7
2170 4083 2192 4159 7

424 4236 465 4311 P.
495 4254 581 4331 ²9¹·
700 4254 725 4493 p
920 4245 1111 4341 Compotus
1130 4247 1208 4320 nde
1227 4246 1273 4320 de
1295 4245 1457 4334 Rokelle,
1481 4248 1526 4318 de
1544 4270 1634 4321 anno
1656 4273 1714 4345 ²7·

761 4399 862 4470 'Ade
895 4400 939 4470 de
971 4398 1133 4483 Rokelle,
1175 4400 1337 4492 pincerne
1363 4400 1478 4493 Regis,
1512 4423 1577 4493 pro
1608 4406 1678 4488 642
1710 4401 1811 4472 doliis
1843 4376 1912 4473 vinl

731 4497 837 4591 empr'
870 4521 935 4589 per
968 4499 1115 4569 eundem
1149 4502 1191 4572 ad
1225 4522 1313 4589 opus
1343 4500 1448 4590 Regis
1477 4499 1565 4569 inter
1590 4523 1599 4570 r
1609 4521 1629 4593 5
1659 4502 1748 4571 diem
1777 4505 1909 4592 Aprilis

730 4610 822 4670 anno
853 4617 914 4690 27,
956 4619 1029 4689 quo
1069 4597 1126 4667 die
1168 4594 1298 4669 admifit
1339 4596 1494 4670 officium
1537 4600 1718 4671 camerarie
1752 4603 1907 4675 vinorum

728 4691 851 4791 Regis,
876 4717 911 4766 et
944 4719 986 4789 19
1016 4696 1107 4770 diem
1135 4696 1326 4770 Novembr’
1354 4720 1443 4767 anno
1476 4698 1595 4767 eodem
1630 4699 1779 4783 finiente,
1812 4703 1906 4792 apud

729 4792 906 4882 Loudon',
920 4793 1143 4879 Portesmurb,
1159 4795 1277 4866 Sutht'
1294 4813 1329 4865 et
1346 4794 1504 4887 alibi-per
1515 4796 1604 4867 vices
1619 4797 1692 4867 indi
1709 4794 1811 4866 rerfis
1828 4822 1905 4891 por·

506 4963 514 4971 ,
605 4955 612 4964 .
728 4893 830 4964 tubus
850 4894 992 4985 Anglie,
1019 4895 1062 4963 dc
1080 4894 1329 4965 mercatoribus
1348 4892 1485 4965 diverfis
1511 4918 1543 4966 er
1561 4896 1603 4965 nd
1622 4898 1738 4988 precia
1755 4897 1903 4986 diversa,

458 4998 462 5006 '
605 5009 615 5023 ⁴
725 4990 808 5063 licut
838 5012 934 5086 patet
953 5016 1015 5086 per
1032 5014 1232 5085 compotum
1249 4993 1329 5063 disli
1351 4994 1429 5064 Ade
1454 4991 1535 5063 inde
1564 4993 1596 5063 in
1616 4995 1810 5091 garderoba
1830 4998 1904 5066 red·

724 5088 845 5173 ditum,
871 5092 933 5184 qui
964 5091 1084 5164 denar'
1110 5093 1304 5163 allocantut
1330 5092 1364 5161 in
1394 5115 1483 5164 anno
1512 5092 1660 5186 presenti
1690 5094 1735 5163 28
1765 5118 1830 5185 pro
1861 5100 1915 5167 eo.

695 5196 704 5339 Ι
724 5190 819 5282 quod
838 5191 944 5262 dietus
968 5212 1147 5283 compotus
1166 5191 1373 5262 reddebatur
1390 5192 1422 5261 in
1448 5193 1639 5283 garderoba
1658 5193 1805 5288 predisla
1826 5195 1902 5286 post

726 5289 966 5363 liberationem
984 5289 1065 5360 libri
1086 5292 1348 5362 neceffirriorun
1366 5288 1511 5384 ejusdem
1529 5293 1723 5384 garderobe
1740 5294 1784 5363 de
1809 5316 1902 5364 anno

694 5346 875 5508 [predislo
903 5410 947 5484 27
980 5377 1098 5463 fatiam
1117 5389 1207 5461 Diris
1225 5390 1330 5476 'l'lres’
1349 5411 1382 5459 et
1411 5390 1530 5461 Raron’
1553 5394 1596 5461 de
1624 5390 1787 5471 scaccario
1808 5394 1899 5483 apud

699 5559 707 5571 ,
1257 5489 1391 5584 Yya
1757 5488 1902 5563 Wfflm
