5375 6667
387 628 470 703 1¹²4
515 599 892 697 vroruutln,
917 598 1184 693 sunno,
1207 595 2161 696 onnnrsrussncnsrnonmteoe,
2231 673 2238 680 .

716 849 721 860 ·
756 826 836 877 nam
858 804 902 876 de
925 802 1151 901 providencia
1171 800 1420 876 faeta'ibidem
1448 825 1508 898 per
1525 800 1943 897 Johannemff'overey-
2023 805 2051 878 1.
2097 807 2127 880 ἱ.
2182 801 2225 878 ἃ.

757 920 791 976 et
807 905 851 975 de
870 925 914 1000 27
935 902 1083 999 quarter’
1099 901 1145 974 di'
1160 902 1239 977 flor’
1254 902 1402 998 receptis
1417 904 1461 973 dc
1477 900 1767 995 supracmpcion'e.
1805 901 1945 974 Summa
1991 926 2084 1001 305¹
2125 902 2256 977 uartu'

776 1001 866 1075 ·De
902 1005 1030 1097 quibus
1063 1000 1163 1075 iiber'
1196 1003 1299 1077 Petro
1331 1002 1376 1072 de
1409 997 1552 1073 Ciccstr’
1584 998 1713 1074 clerico
1744 999 1878 1093 panen'
1911 1020 1945 1072 ct
1992 1004 2058 1099 3b
2125 1049 2139 1076 .

742 1101 835 1174 but'
850 1100 973 1197 Regis,
1002 1123 1066 1195 per
1080 1123 1200 1175 manns
1215 1098 1369 1175 Walteri
1388 1095 1608 1185 Waldessref,
1638 1096 1774 1192 pistoris
1795 1098 1946 1198 ejusden

760 1198 879 1297 Regis,
910 1203 952 1274 ad
969 1223 1094 1295 panem
1121 1200 1202 1273 inde
1231 1197 1379 1272 saciend’
1408 1221 1473 1293 pro
1499 1194 1654 1292 expens’'
1671 1195 1816 1291 hospicii
1841 1195 1944 1291 ipsiu·

760 1297 862 1394 Regis
880 1301 914 1372 in
932 1323 1025 1372 mora
1042 1297 1150 1393 Regis
1166 1301 1257 1394 apud
1276 1300 1446 1371 Hulmum
1466 1318 1501 1368 et
1518 1295 1599 1368 alibi
1624 1298 1659 1369 in
1684 1296 1773 1367 com'
1786 1294 1944 1386 Cumbr',

718 1453 723 1462 .
759 1396 937 1492 pervices
965 1422 1056 1472 anuo
1076 1398 1236 1490 presenti,
1266 1401 1336 1494 852
1357 1398 1512 1490 quartcr'
1540 1415 1574 1467 et
1600 1395 1731 1468 rbuse’
1761 1392 1820 1481 iii,
1851 1394 1943 1488 flor',

644 1487 650 1497 ”
721 1549 723 1556 -
755 1514 790 1568 et
823 1493 903 1570 farr'
931 1495 987 1583 fn,
1013 1498 1056 1569 de
1082 1496 1209 1591 quibus
1237 1497 1327 1568 idem
1357 1495 1481 1567 Petrus
1507 1511 1667 1567 oneratur
1700 1492 1802 1588 super
1827 1491 1945 1566 officio

757 1593 830 1682 suo,
860 1596 951 1690 prec'
977 1598 1123 1689 quarte?
1150 1600 1215 1668 63.
1244 1593 1414 1668 8n.-Et
1441 1592 1501 1664 lib'
1534 1591 1665 1665 diversis
1693 1591 1874 1686 pistorium
1898 1594 1944 1667 de

756 1693 862 1765 Karlo
889 1694 930 1764 ad
966 1718 1091 1789 panem
1120 1693 1199 1766 iude
1232 1693 1377 1766 faciend'
1404 1710 1522 1764 contra
1555 1694 1737 1763 adrentum
1762 1690 1866 1790 Regin
1899 1694 1944 1765 de

720 1833 723 1838 -
757 1790 912 1884 partibus
930 1792 1088 1880 Gawed'‚
1119 1794 1175 1865 'de'
1191 1817 1264 1887 quo
1277 1815 1365 1887 pane
1400 1789 1556 1884 respond'
1582 1788 1737 1876 inferius,
1762 1809 1807 1887 57
1838 1811 1941 1884 quar·

756 1889 820 1962 ter’
846 1891 1082 1964 flod-Fratri
1103 1890 1258 1964 Waltero
1290 1893 1336 1963 de
1353 1890 1607 1982 Wynterburn’
1633 1887 1814 1962 confedori
1834 1890 1941 1985 Regio

754 1985 790 2059 in
818 1989 998 2062 subsidium
1017 1990 1268 2065 sustentationis
1286 1989 1342 2062 suc
1361 1987 1437 2064 socii
1463 1986 1512 2060 sui
1528 2005 1562 2061 et
1578 1986 1774 2085 garcionum
1803 1986 1944 2062 suorum

754 2083 787 2158 in
819 2090 975 2183 parribus
994 2091 1136 2162 Gawcd'
1159 2110 1192 2161 et
1217 2090 1313 2185 apud
1333 2087 1523 2161 Karliolum
1556 2110 1570 2157 1
1594 2088 1745 2180 quarter'
1761 2082 1943 2161 sii-Dirc

755 2186 949 2263 Montasmo
973 2192 1018 2263 de
1034 2189 1254 2275 Novelliano,
1282 2208 1317 2260 et
1350 2210 1391 2284 19
1420 2186 1488 2258 soc'
1517 2183 1582 2258 suis
1601 2183 1750 2257 Vascon’
1778 2185 1940 2258 moranti·

721 2239 820 2455 'bus
850 2284 885 2357 in
919 2290 1111 2360 municione
1144 2287 1242 2359 castri
1275 2308 1312 2360 et
1344 2285 1413 2382 peli
1440 2285 1485 2357 de
1509 2282 1734 2394 Logpmaban
1772 2284 1817 2356 dc
1847 2285 1948 2356 dono

755 2382 864 2478 Regis
879 2410 925 2459 20
938 2388 1092 2480 quarter'
1111 2383 1243 2458 fii-et
1263 2384 1297 2457 in
1314 2383 1514 2458 vendicione
1528 2380 1707 2467 militibus,
1726 2380 1886 2472 scutifer',
1904 2404 1941 2456 ct

753 2481 827 2553 aliis
860 2486 904 2555 de
936 2485 1067 2558 dirersis
1094 2482 1347 2557 municionibus
1378 2482 1412 2555 iu
1444 2502 1577 2576 partem
1612 2483 1692 2553 vad’
1726 2480 1860 2553 suorum
1893 2482 1940 2554 ad

750 2577 878 2654 diversa
894 2584 1020 2676 precia,
1050 2606 1115 2681 921
1138 2588 1288 2676 quarte?
1316 2606 1335 2669 7
1356 2581 1447 2654 buss’
1465 2578 1523 2668 fri,
1549 2580 1638 2666 flor’,
1666 2602 1702 2653 et
1718 2578 1799 2652 farr'
1817 2577 1874 2668 ni,
1896 2582 1941 2654 de

750 2701 898 2773 quorum
915 2683 1031 2776 precio
1045 2682 1156 2755 dietus
1174 2681 1275 2754 Dirus
1292 2681 1439 2775 Jacobus
1456 2698 1613 2754 oneratur
1631 2678 1666 2751 in
1684 2698 1848 2773 compoto
1864 2678 1939 2769 suo,

748 2797 782 2849 et
814 2778 859 2853 de
892 2780 1019 2875 quibus
1050 2781 1246 2879 garderoba
1269 2802 1445 2866 oneratur,
1476 2780 1558 2853 ficut
1589 2797 1685 2876 patet
1719 2778 1754 2852 in
1799 2799 1944 2874 recepta.

747 2876 962 2952 denariorum
980 2883 1061 2953 anni
1075 2880 1251 2976 presentis.

802 2975 849 3048 Et
882 2980 986 3053 iiber’
1015 2981 1103 3055 idem
1129 2980 1280 3069 Jacobus
1305 2978 1435 3075 Μεξτο
1460 2978 1541 3075 Johi
1572 2975 1691 3051 Salsar'
1719 2975 1838 3071 Regis,
1867 2999 1935 3072 pro

751 3074 906 3170 expensis
941 3077 1047 3152 officii
1080 3076 1129 3149 sui
1153 3077 1245 3173 apud
1271 3077 1395 3150 Holm'
1422 3099 1457 3150 et
1482 3077 1690 3163 Kailiolum,
1717 3099 1759 3147 21
1785 3076 1934 3169 quarter'

750 3174 797 3244 di’
825 3173 1089 3250 flor'-Thome
1111 3176 1205 3248 Brun
1229 3176 1374 3271 puletar'
1398 3174 1503 3269 Regis
1528 3195 1655 3271 putura
1682 3175 1808 3268 puletr'
1824 3173 1936 3273 Regis

730 3271 784 3343 -in
801 3272 952 3348 custodia
969 3274 1027 3347 sua
1045 3272 1233 3360 existentis,
1260 3276 1282 3346 6
1300 3273 1392 3346 buss'
1409 3271 1539 3347 iii-ct
1556 3274 1654 3346 libcr’
1667 3274 1752 3345 Dno
1770 3275 1933 3345 Karleon’

749 3371 838 3467 Epo,
870 3397 934 3468 pro
963 3374 1156 3448 municione
1177 3373 1274 3446 castri
1291 3372 1402 3459 Kardi,
1429 3373 1608 3457 militibus,
1637 3370 1784 3444 scutifer'
1801 3391 1836 3444 et
1862 3370 1934 3445 aliis

747 3471 884 3544 diverfis
917 3476 962 3547 de
996 3474 1207 3547 exerciruR
1255 3473 1293 3557 is,
1327 3495 1391 3567 per
1424 3472 1524 3544 binas
1558 3472 1696 3566 garder'
1729 3473 1771 3542 ad
1806 3472 1935 3544 diversa

718 3565 728 3717 Ι
749 3569 878 3661 precia,
896 3576 961 3665 183
976 3573 1123 3665 quarter'
1142 3575 1163 3643 6
1176 3497 1253 3642 bris
1256 3572 1350 3643 '-et
1364 3570 1530 3643 allocatur
1545 3569 1575 3641 ci
1589 3569 1623 3641 in
1637 3568 1760 3642 decasu
1777 3587 1813 3642 et
1830 3570 1935 3644 exsic-

747 3668 877 3740 cafione
895 3669 928 3740 in
945 3672 1093 3764 granar',
1105 3669 1325 3742 mensurando
1340 3691 1374 3740 et
1392 3670 1563 3762 portando
1576 3690 1683 3741 torum
1703 3669 1843 3741 bladum
1856 3694 1934 3765 pre·

747 3764 876 3838 dissum
895 3769 1071 3861 pervices,
1094 3791 1128 3840 et
1147 3771 1190 3840 ad
1215 3768 1292 3841 loca
1316 3766 1459 3857 diversi,
1475 3764 1567 3839 infra
1584 3792 1709 3865 annum
1727 3766 1934 3864 presentem,
1982 3777 2078 3873 2098
2091 3792 2251 3872 quarter’

725 3866 1030 3959 -40quarter'fii
1080 3867 1217 3938 Summa
1233 3867 1356 3939 exitus.
1984 3877 2125 3947 1buss’.

795 3963 842 4036 Et
859 3967 901 4036 src
919 3986 1093 4040 remanent
1108 3966 1142 4039 in
1160 3964 1311 4039 custodia
1322 3963 1400 4038 dini
1419 3963 1557 4057 Jacobi,
1573 3966 1616 4037 dc
1634 3966 1762 4059 quibus
1776 3964 1931 4062 respond’
1978 3999 1998 4064 9
2004 3994 2048 4068 53
2064 3980 2225 4069 quintet*

725 4124 728 4130 .
745 4060 778 4133 in
794 4066 912 4158 comp’
929 4065 988 4138 suo
1006 4091 1095 4139 anno
1113 4074 1176 4159 29⁰
1942 3970 1997 4166 {2
2017 4073 2121 4147 buff’.

726 4211 728 4215 -
794 4159 889 4235 Idem
920 4165 1032 4237 reddit
1060 4166 1175 4259 comp'
1192 4165 1234 4234 de
1261 4163 1454 4257 6quarter'
1474 4187 1493 4234 2
1511 4160 1606 4234 busi'
1629 4160 1778 4257 pisarum
1804 4164 1929 4259 recept’

725 4261 787 4333 ·de
802 4284 872 4334 una
889 4262 965 4334 navi
981 4262 1128 4335 venienti
1145 4265 1188 4334 de
1205 4261 1376 4335 Hibernia
1395 4287 1441 4335 ex
1459 4260 1607 4334 miffionc
1620 4262 1730 4332 'l‘hes'
1751 4263 1928 4346 Hibemie,

569 4347 573 4364 ¹
713 4350 721 4501 Ι
743 4378 776 4429 et
801 4360 845 4432 de
863 4366 909 4443 46
929 4362 1080 4455 quarter'
1099 4385 1120 4455 3
1139 4362 1198 4434 bz'
1215 4358 1370 4432 fabarum
1388 4381 1423 4433 et
1450 4359 1596 4454 pisaeum
1623 4359 1751 4454 recept'
1768 4362 1812 4432 de
1830 4359 1928 4456 supra
1975 4385 2020 4462 52
2038 4371 2196 4463 quarter’

734 4460 934 4552 empcione,
947 4485 1008 4553 per
1023 4459 1209 4532 mensuram
1223 4458 1327 4530 rasam
1345 4460 1412 4530 stne
1430 4462 1546 4553 aliquo
1562 4462 1757 4553 avantagio.
1792 4460 1929 4531 Summa
1975 4487 1994 4561 5
2015 4472 2070 4542 bz’
2096 4469 2224 4545 fab'et·

791 4558 848 4630 De
874 4560 1000 4650 quibus
1031 4556 1141 4652 comp'
1174 4558 1208 4628 in
1241 4556 1499 4631 vendicionede
1528 4582 1670 4652 quorum
1699 4560 1825 4652 precio·
1838 4559 1928 4635 idem
1975 4566 2065 4661 pis'..

741 4653 892 4745 Jacobus
910 4679 1029 4730 onerat
1054 4658 1085 4730 se
1116 4659 1150 4727 in
1180 4656 1294 4750 comp'
1318 4652 1392 4741 suo,
1420 4677 1455 4729 et
1479 4656 1670 4752 dequibus
1693 4660 1827 4752 garder'
1846 4683 1929 4730 one·

743 4774 845 4843 ratur,
856 4780 897 4846 41
916 4757 1066 4849 quarter’
1082 4754 1296 4827 2-buff'-et
1311 4756 1393 4826 rem’
1411 4753 1444 4827 in
1456 4754 1607 4827 custodia
1625 4757 1774 4852 ejusdcm
1787 4756 1925 4846 Jncobi,

740 4856 784 4927 de
814 4853 940 4948 quibus
967 4855 1149 4951 respondet
1178 4874 1218 4926 ut
1236 4855 1359 4949 supra,
1389 4875 1434 4930 ιι
1451 4855 1601 4950 quarter'
1627 4852 1774 4950 3xbuss’z
1825 4854 1926 4926 Sum:-

738 4978 791 5024 ma
816 4978 834 5024 c
863 4978 918 5025 ua.

786 4975 884 5122 Idcqm
918 5052 1010 5123 redd'
1045 5055 1158 5145 comp'
1196 5054 1239 5125 de
1275 5075 1348 5148 544
1380 5052 1531 5147 quarter'
1564 5051 1595 5122 6.
1621 5052 1677 5121 bz’
1709 5072 1816 5122 avene
1858 5050 1934 5122 rec*

718 5153 779 5221 .de
805 5149 888 5220 Dsro
907 5149 995 5220 Rieo
1024 5153 1068 5223 de
1096 5152 1190 5221 Moci
1210 5151 1376 5243 Jussiciar'
1396 5149 1502 5224 Cestr’
1520 5151 1563 5237 de
1582 5146 1812 5241 providencia,
1831 5147 1924 5223 fasta

737 5273 796 5345 per
813 5247 960 5320 eundem
979 5274 1038 5343 pet
1063 5248 1247 5320 mensuram
1274 5248 1377 5320 rasam
1400 5250 1467 5320 tine
1484 5245 1750 5343 nvantagio-et
1766 5249 1807 5318 de
1829 5251 1924 5321 1261

733 5347 881 5441 quarter'
899 5344 944 5416 di'
963 5369 1080 5422 avene.
1098 5349 1225 5441 recept'
1242 5348 1287 5420 de
1313 5347 1446 5419 diversio
1475 5344 1616 5418 navibus
1635 5344 1848 5420 venientibus
1876 5349 1923 5419 do

707 5446 889 5632 ppanibus
908 5444 1087 5533 Hiberum,
1111 5447 1155 5519 de
1184 5445 1402 5547 providencia
1424 5443 1513 5520 fana
1537 5467 1601 5553 per
1618 5443 1786 5619 Justic'fit
1808 5445 1920 5518 Thes³

803 5623 807 5630 ,
834 5568 863 5641 3¹
1778 5544 1933 5636 ibernie„
