5375 6667
580 636 907 721 nxnttttsrs
942 634 1365 732 nunctonutt,
1398 635 1636 733 vtntts,
1672 597 2187 716 creet-tuturis.
2222 660 2288 714 ω

531 850 571 926 P'
592 874 652 951 77⁰
772 909 1069 1012 stremonndum
1091 912 1184 1008 quud
1207 932 1262 1003 ἐς
1280 907 1337 984 die
1356 908 1560 984 Decembris
1589 933 1680 983 anno
1705 906 1852 1004 presenti
1870 909 1916 981 28
1934 902 1994 978 rd-
2062 843 2090 919 ¹⁰
2154 846 2184 922 ι
2249 844 2288 922 δ’

852 1009 967 1084 missus
995 1010 1061 1083 fuit
1089 1009 1220 1084 Wiiius
1247 1013 1291 1081 de
1317 1009 1504 1106 Rameseye
1546 1011 1607 1106 qui
1638 1009 1705 1081 suit
1733 1008 1835 1081 unius
1863 997 1995 1079 cuttod'

439 1097 634 1196 Rameseye·
851 1108 950 1181 castri
967 1111 1010 1183 de
1028 1109 1170 1203 Coupre
1189 1112 1223 1182 in
1240 1107 1358 1182 comit’
1373 1108 1416 1182 de
1436 1062 1527 1198 rtfe',
1555 1131 1709 1206 tempore
1726 1129 1800 1201 quo
1817 1106 1908 1178 idem
1922 1102 1994 1177 cas·

849 1227 940 1280 trum
964 1209 1176 1282 reddebatur
1201 1207 1320 1282 comiti
1346 1208 1503 1281 Lincoln¹
1529 1231 1619 1281 anno
1637 1216 1697 1297 τό,
1723 1204 1832 1278 mense
1855 1205 1937 1297 Juiii
1956 1204 1992 1277 in

849 1304 931 1395 fine,
956 1308 999 1380 ad
1023 1305 1123 1378 radia
1140 1305 1249 1401 Regis
1273 1306 1317 1379 ad
1342 1308 1614 1402 percipiendiunt
1640 1331 1705 1403 per
1726 1305 1817 1377 diem
1841 1303 1915 1400 4d.
1931 1301 1993 1376 on.

847 1405 892 1476 ad
910 1405 1121 1478 voluntatem
1142 1405 1242 1501 ipsius
1259 1401 1378 1502 Regis.

850 1501 980 1577 Simoni
1013 1502 1077 1599 qui
1102 1501 1170 1576 fuit
1201 1506 1346 1576 nuncius
1375 1503 1528 1600 Regine,
1565 1501 1771 1602 percipienti
1799 1524 1862 1597 per
1900 1499 1991 1572 diem

798 1601 868 1690 4d·
903 1603 964 1675 οὔ.
1008 1605 1147 1697 quando
1179 1601 1225 1675 est
1263 1603 1299 1674 in
1333 1602 1420 1689 cur',
1457 1627 1522 1698 ρτο
1563 1603 1668 1675 vadiis
1705 1599 1771 1673 suit
1807 1625 1828 1673 a
1858 1623 1906 1673 20
1930 1599 1989 1671 die

590 1688 599 1704 ’
645 1739 655 1763 ·
799 1699 1005 1774 Novembris
1033 1725 1125 1773 anno
1150 1701 1515 1798 presentiincipiente
1536 1702 1647 1798 usque
1675 1695 1987 1798 13dietnAptiiis,

798 1819 872 1891 quo
900 1800 958 1872 die
980 1800 1057 1870 vac’
1084 1801 1154 1885 hic,
1191 1798 1375 1894 quousque
1404 1801 1530 1873 sciatur
1555 1801 1711 1874 voluntas
1740 1799 1843 1893 ipius
1867 1796 1989 1892 Regis,

798 1897 984 1991 primodie
1001 1917 1199 1991 computato
1217 1918 1250 1971 et
1268 1922 1337 1971 non
1356 1901 1488 1986 ultimo,
1514 1923 1575 1996 ρετ
1597 1899 1756 1994 145dtes

846 1998 1009 2073 Waltero
1027 1996 1140 2071 Baton
1158 1995 1297 2070 admisso
1318 1997 1491 2090 primord
1522 1998 1622 2071 vadia
1650 1997 1754 2092 Regis
1777 1995 1901 2068 ultimo
1929 1992 1987 2068 die

797 2092 959 2168 Odiobric
988 2119 1080 2171 enno
1106 2117 1165 2191 27,
1207 2097 1249 2168 ad
1277 2097 1538 2190 percipiendum
1565 2120 1630 2193 pet
1655 2099 1749 2168 diem
1776 2096 1847 2192 76.
1877 2091 1989 2166 0¹6.-

797 2215 862 2287 pto
891 2191 999 2268 tediis
1024 2196 1132 2267 suisa
1157 2193 1213 2266 die
1240 2193 1302 2281 illu¹
1330 2193 1437 2290 usque
1468 2218 1490 2268 2
1518 2195 1610 2270 diem
1627 2195 1765 2291 Aprilis
1788 2217 1880 2267 anno
1905 2215 1987 2288 pre·

798 2291 943 2379 sentia
971 2297 1127 2388 quodie
1157 2314 1259 2367 vacat
1291 2292 1515 2388 imposterum
1548 2295 1651 2369 titulo
1681 2288 1757 2381 istu,
1786 2293 1898 2389 primo
1929 2292 1988 2364 die

797 2412 999 2486 computato
1032 2413 1066 2465 et
1098 2417 1165 2465 non
1201 2390 1337 2480 ultimo,
1371 2414 1433 2487 per
1466 2413 1535 2489 154
1569 2394 1657 2479 dies,
1693 2415 1757 2487 per
1785 2406 1983 2485 compotum
2188 2473 2190 2477 ,

796 2489 910 2564 secum
929 2489 1055 2563 fesium
1069 2493 1163 2585 apud
1180 2490 1399 2563 Feekenham
1417 2489 1561 2584 septimo
1589 2492 1647 2566 die
1664 2490 1801 2586 Aprilis
1828 2511 1923 2560 anno
1936 2511 1983 2583 29
2064 2485 2090 2555 4
2143 2460 2189 2534 ¹⁶
2238 2486 2260 2561 Ι

846 2588 971 2686 Magno
993 2586 1144 2680 johanni
1174 2589 1275 2674 Ruth,
1306 2590 1512 2685 percipienti
1540 2613 1603 2686 per
1631 2589 1735 2674 diem,
1775 2587 1846 2677 73.
1875 2585 1986 2658 ob.-

797 2709 863 2781 pto
897 2688 1006 2762 radiis
1036 2689 1101 2761 suis
1138 2689 1193 2762 de.
1213 2705 1286 2760 toto
1326 2710 1417 2761 anno
1452 2690 1612 2784 presenti,
1654 2689 1772 2774 rideit,
1814 2709 1878 2780 per
1911 2682 1983 2778 366

795 2786 880 2869 dies,
910 2787 1003 2860 infra
1031 2787 1129 2881 quod
1163 2805 1299 2879 tempus
1332 2783 1400 2858 suit
1433 2788 1467 2859 in
1501 2790 1575 2861 cut'
1605 2811 1667 2882 per
1701 2810 1766 2882 143
1802 2787 1887 2874 diet,
1918 2806 1984 2879 per

794 2903 990 2981 compotum
1032 2886 1144 2959 secum
1183 2878 1316 2959 facturn
1352 2885 1484 2959 ibidem
1527 2909 1566 2957 τι
1614 2887 1671 2958 die
1711 2883 1847 2980 Aprilis
1890 2904 1981 2957 anne
2058 2957 2085 3028 4
2133 2956 2155 3034 9
2232 2942 2288 3029 Η

841 3081 1003 3158 Galftido
1020 3084 1062 3157 de
1075 3084 1205 3170 Metre,
1227 3082 1397 3180 Papillon‘
1413 3082 1536 3178 Regis,
1567 3082 1774 3180 percipient’
1797 3104 1861 3178 per
1885 3079 1977 3154 diem

581 3222 589 3240 ·
668 3226 678 3258 τ
797 3180 1559 3278 12tt.-tam-infracuriamquarnextra,
1589 3207 1654 3277 ρτο
1686 3182 1793 3256 radiis
1821 3180 1887 3253 suit
1915 3203 1979 3274 per

678 3279 689 3303 ⁰
792 3280 961 3375 predictos
989 3282 1060 3378 365
1078 3283 1166 3370 dies,
1190 3307 1251 3378 per
1267 3302 1462 3378 compotum
1480 3282 1589 3356 secum
1605 3279 1729 3355 facium
1755 3281 1850 3378 apud
1869 3278 1982 3352 Shene

800 3380 1287 3479 19dieDecembr'ann031
2045 3352 2088 3426 ¹8
2141 3351 2165 3427 ⁶
2240 3376 2267 3431 0

846 3478 931 3555 Reso
956 3481 1128 3576 MaiIgon,
1155 3479 1360 3576 percipienti
1388 3503 1450 3576 pet
1476 3480 1568 3554 diem
1593 3481 1666 3572 46.
1692 3479 1751 3552 nii.
1787 3501 1851 3574 pto
1876 3475 1986 3549 radiis

798 3575 910 3666 suita
938 3603 984 3652 20
1011 3579 1068 3669 die
1084 3577 1279 3653 Novembt'
1296 3603 1390 3652 anno
1412 3578 1560 3675 presenti
1587 3577 1778 3674 incipient’,
1804 3575 1914 3670 usque
1942 3598 1987 3669 ¹3

796 3677 886 3749 diem
913 3677 1047 3775 Apris,
1084 3703 1106 3749 a
1137 3702 1211 3773 quo
1245 3679 1301 3752 die
1336 3677 1556 3774 imposterum
1586 3697 1686 3751 vacat
1719 3675 1822 3750 titulo
1854 3673 1919 3749 isto
1952 3693 1988 3747 et

796 3776 897 3849 vadia
922 3776 982 3849 sua
1012 3775 1205 3851 allocantur
1233 3775 1268 3849 in
1288 3777 1401 3851 rotulo
1417 3774 1615 3864 marescall’,
1640 3777 1827 3872 primodie
1844 3797 1987 3869 compu-

795 3891 867 3948 tato
892 3894 927 3948 et
961 3900 1030 3948 non
1062 3873 1199 3965 ultimo,
1238 3900 1299 3970 per
1332 3897 1398 3967 145
1433 3876 1518 3961 dies,
1553 3899 1615 3971 per
1644 3893 1846 3970 compotum
1872 3872 1986 3947 secum

646 4056 651 4081 ι
795 3971 921 4046 factum
938 3977 1032 4070 apud
1049 3973 1192 4046 Novum
1209 3972 1368 4050 Castrum
1390 3974 1492 4070 super
1507 3975 1658 4072 i'ynam,
1689 3970 1985 4071 12dieAugusti
2039 4059 2063 4108 2
2119 4059 2165 4128 14
2237 4043 2288 4131 43

763 4151 785 4226 s
844 4095 982 4246 Thirdte
1000 4170 1044 4242 de
1061 4173 1208 4271 Qterle,
1228 4171 1374 4259 clerico,
1400 4171 1604 4268 percipienti
1633 4195 1697 4266 pet
1721 4171 1814 4241 diem
1837 4172 1909 4260 4d.
1926 4169 1987 4243 ob.

635 4298 636 4301 ¹
795 4291 861 4363 pro
888 4270 993 4344 radiis
1019 4268 1086 4343 suis
1112 4271 1156 4343 de
1183 4291 1257 4345 tuto
1284 4297 1378 4345 anno
1398 4294 1458 4368 27,
1488 4272 1611 4355 rideit,
1636 4292 1698 4365 pet
1716 4269 1786 4365 365
1806 4269 1889 4355 dies,
1924 4291 1987 4339 ex·

786 4367 902 4463 ceptis
920 4368 1079 4464 quinque¹
1096 4369 1218 4442 diebus
1234 4394 1299 4467 per
1326 4395 1414 4466 quos
1431 4371 1498 4443 fuit
1524 4390 1621 4443 extra
1642 4369 1772 4441 curiam
1798 4363 1886 4438 infra
1912 4366 1988 4439 dic·

795 4487 867 4537 tum
886 4489 1034 4558 tempus,
1059 4491 1121 4561 per
1145 4489 1344 4562 compotum
1363 4470 1488 4543 fadum
1512 4493 1594 4541 cunt
1611 4468 1732 4541 eodem
1750 4468 1843 4562 apud
1862 4461 1984 4553 Shene,
2042 4529 2064 4605 ⁶

794 4587 841 4637 20
863 4565 919 4638 die
936 4565 1121 4640 Decembr'
1136 4591 1286 4662 nnno3r
2121 4550 2164 4629 ¹5
2239 4561 2275 4612 ⁰·

845 4663 967 4738 Eidem
995 4662 1134 4739 admissu
1162 4665 1278 4760 primo
1297 4691 1343 4741 20
1362 4668 1418 4739 die
1435 4665 1611 4740 Novemb'
1633 4688 1723 4740 anno
1752 4664 1900 4760 presenti
1930 4660 1983 4734 in·

792 4783 930 4936 iiiiii
946 4765 1231 4958 addititii
1248 4763 1984 4959 dircite.iit⁰it¹itf²itis⁰d0i

793 4978 830 5034 et
858 4961 960 5033 vadia
988 4966 1047 5034 sua
1073 4959 1262 5036 aliucantur
1290 4963 1325 5035 in
1355 4965 1456 5038 rotui’
1486 4961 1641 5058 hospicii,
1667 4963 1776 5056 ptimo
1805 4961 1861 5036 die
1891 4985 1984 5035 cont·

761 5019 919 5237 [putato
936 5080 972 5133 et
999 5083 1066 5133 non
1093 5059 1229 5149 uitimo,
1256 5085 1319 5159 pet
1339 5083 1409 5162 313
1430 5062 1516 5150 dies,
1541 5085 1604 5157 per
1630 5083 1832 5156 compotum
1854 5061 1980 5136 fadum

791 5183 870 5233 cum
886 5162 1006 5255 endem
1022 5158 1161 5232 ibidem.
2036 5139 2066 5211 9²¹
2115 5137 2158 5212 ³5
2235 5122 2288 5218 Η

840 5256 944 5332 Ρεττο
972 5262 1017 5332 de
1046 5258 1223 5346 Bretnbre,
1261 5257 1464 5355 percipienti
1493 5281 1555 5355 per
1583 5257 1673 5333 diem
1710 5260 1785 5350 4d.
1818 5261 1879 5333 oli.
1917 5280 1984 5355 pro

793 5357 901 5429 vadiis
917 5354 982 5428 suis
998 5358 1042 5431 de
1059 5373 1133 5430 toto
1149 5380 1238 5430 anno
1254 5378 1316 5455 27,
1343 5360 1465 5449 rideit,
1483 5382 1546 5453 per
1566 5358 1612 5452 36
1617 5382 1636 5453 5
1654 5357 1741 5448 diet,
1756 5383 1819 5454 per
1837 5380 1980 5454 compo·

593 5482 597 5491 ·
762 5479 775 5635 Ι
793 5473 868 5526 tum
892 5453 1023 5537 sedium
1039 5478 1116 5527 cum
1133 5457 1252 5529 eodem
1269 5459 1366 5553 apud
1382 5457 1419 5532 N
1423 5481 1529 5535 ovum
1542 5455 1701 5533 Castrum
1716 5457 1816 5557 super
1831 5458 1986 5560 Tyrum,

799 5574 841 5630 to
857 5553 914 5630 die
931 5549 1132 5643 Decembr’,
1147 5577 1238 5630 anno
1255 5577 1304 5653 32
2037 5522 2061 5594 ⁶
2114 5521 2163 5595 1⁶
2213 5527 2288 5613 10}

1864 5653 2004 5742 Eidem,
