5375 6667
393 653 499 740 Ἣ
784 612 1206 700 ῑΕΧ-ΡΕΝ-ει--ε
1265 589 1798 704 surreioauri,
1841 609 1914 690 ae.

834 831 965 905 Eodem
983 822 1443 920 die,Robei·t0de.·Lowyk,
1460 818 1630 895 deferenti
1647 819 1760 897 literas
1775 817 1888 918 Regis
1902 844 1972 897 ma·
2040 819 2071 896 Ῐ.
2111 819 2150 897 ἲ.
2222 815 2256 908 1

786 929 894 1028 gistro
925 928 1011 1002 aito
1030 929 1081 1038 ¹de
1109 928 1302 1023 Haveryng
1329 922 1504 1012 Escaetori
1530 920 1639 1020 Regis
1666 925 1755 996 ultra
1781 921 1968 1028 Ttentum,

788 1053 856 1200 pro1
865 1026 1184 1207 {xdllgnllosllelirbrss
1195 1119 1276 1214 Johi
1294 1116 1683 1231 Leturband4garcioni
1701 1077 1865 1202 comitille
1877 1077 1969 1198 liol-
2048 1054 2075 1110 0
2148 1048 2174 1104 ι
2222 1046 2253 1117 ⁰¹

685 1232 693 1246 '
741 1283 743 1290 .
786 1226 891 1310 land',
919 1222 1089 1298 deferenti
1118 1223 1234 1296 literas
1262 1221 1418 1320 ejusdem
1438 1215 1601 1293 comitiffe
1630 1219 1669 1308 iti
1693 1217 1872 1309 Holland’,
1892 1244 1967 1319 ,pro

788 1324 928 1419 expenl’
947 1322 1013 1396 luis
1030 1321 1146 1394 eundo
1163 1341 1197 1392 et
1213 1320 1391 1392 redeundo
1887 1319 1893 1338 '¹
2045 1347 2073 1403 0
2125 1345 2173 1405 ιο
2218 1330 2251 1407 ὀ

835 1424 995 1495 Secundo
1028 1422 1084 1494 die
1116 1419 1336 1505 Novembris,
1369 1417 1523 1491 Roberto
1557 1414 1602 1489 de
1633 1412 1760 1510 Buscy,
1788 1409 1899 1496 defer’
1927 1417 1970 1494 li·
2244 1413 2248 1420 ’

786 1539 875 1597 teras
893 1519 1001 1618 Regis
1018 1518 1082 1593 ric'
1097 1535 1132 1592 et
1148 1513 1411 1593 coronatoribus
1428 1514 1554 1604 Ebor',
1584 1538 1650 1609 pro
1665 1513 1808 1612 expens’
1910 1581 1913 1586 .
2045 1548 2073 1602 0
2145 1547 2172 1604 2
2218 1533 2250 1620 q·

840 1644 887 1709 14
907 1621 966 1692 die
996 1616 1095 1711 Julii,
1121 1615 1234 1689 Wilio
1257 1615 1303 1688 de
1322 1613 1477 1687 Alkham
1501 1630 1534 1686 et
1551 1609 1674 1688 Gatfro
1691 1613 1736 1690 de
1752 1607 1969 1713 Barden'eye,

786 1718 919 1795 nunciis
946 1718 1109 1789 euntibus
1126 1738 1188 1810 per
1205 1709 1368 1786 costeranr
1386 1713 1499 1785 Maris
1517 1707 1620 1786 Hilin
1635 1737 1702 1810 pro
1728 1713 1876 1788 navibus
1888 1737 1968 1789 tar·

737 1893 744 1910 ,
786 1818 872 1893 catis
890 1815 1090 1889 virtualibus
1105 1811 1219 1887 verius
1237 1811 1372 1910 Regem
1388 1807 1586 1899 fellinand',
1611 1835 1677 1910 pro
1694 1811 1828 1912 eapens
1832 1809 1843 1843 '
1858 1810 1928 1886 suis
2046 1837 2076 1901 0
2146 1821 2173 1902 6
2220 1834 2252 1916 q

836 1916 883 1989 28
911 1916 969 1988 die
995 1915 1096 2007 Julii,
1123 1913 1259 1985 cuidam
1278 1910 1434 2007 garcioni
1451 1906 1617 1984 deferenti
1634 1910 1751 1986 literas
1768 1908 1845 1984 Diii
1869 1911 1968 2003 J'ol‘iis

785 2018 828 2090 de
844 2012 1116 2087 Drokenesford
1133 2007 1300 2108 Magistro
1317 2009 1408 2082 Ri'c‘o
1420 2010 1463 2081 de
1480 2008 1665 2123 Abyndon
1682 2029 1717 2088 et
1732 2009 1819 2085 Dao
1834 2010 1970 2103 Jacobo

738 2155 742 2204 3
785 2115 829 2187 de
848 2112 1030 2207 Dalilegh,
1059 2110 1246 2206 receptoria
1263 2126 1297 2182 er
1317 2107 1509 2184 liberatoris
1525 2108 1718 2183 rrilualium
1739 2105 1850 2206 Regis
1874 2111 1969 2208 apud

770 2211 901 2285 ¹Karlm
930 2235 994 2307 pro
1022 2210 1175 2310 negociis
1206 2207 1324 2305 Regis,
1355 2231 1422 2305 pro
1450 2206 1602 2304 expenfis
1628 2205 1696 2283 luis
1712 2208 1828 2284 eundo
1854 2227 1891 2282 et
1913 2233 1969 2283 re·

785 2311 926 2385 deundo
1891 2323 1894 2330 '
2051 2330 2079 2388 ο
2153 2336 2174 2393 1

701 2404 711 2424 ²
836 2409 993 2494 Secundo
1019 2407 1075 2482 die
1092 2404 1258 2501 Augulli,
1283 2428 1393 2501 parvo
1415 2404 1571 2490 Robino,
1587 2405 1717 2482 nuncio
1740 2402 1911 2488 deferenti
1929 2406 1971 2479 li·
2224 2326 2256 2411 ⁴

785 2527 871 2585 teras
897 2509 975 2581 dieti
992 2506 1066 2579 Diri
1092 2506 1189 2600 Johis
1214 2504 1375 2602 predistis
1401 2501 1491 2576 Rite
1509 2523 1544 2577 et
1567 2504 1703 2594 Jacobo
1732 2528 1797 2604 pro
1820 2504 1970 2604 negotiis

784 2606 901 2705 Regis,
924 2629 990 2701 pro
1005 2604 1150 2702 expens’
1165 2605 1279 2677 eundo
1295 2624 1329 2677 et
1347 2600 1524 2678 redeundo
1894 2667 1897 2676 .
2048 2630 2075 2688 0
2143 2629 2175 2706 4
2218 2618 2252 2709 q

601 2737 605 2746 ·
832 2707 963 2782 Eodem
996 2707 1066 2793 die,
1103 2703 1220 2777 Wilio
1246 2705 1290 2776 de
1320 2699 1376 2778 As
1416 2701 1461 2789 le,
1494 2697 1621 2774 cokino
1654 2699 1826 2777 deferenti
1851 2701 1970 2796 litjeras
2227 2704 2230 2708 ’

492 2887 494 2896 ,
736 2798 741 2814 ’
783 2801 858 2877 Diii
885 2801 983 2897 Johis
1009 2806 1053 2878 de
1078 2796 1184 2877 Noro
1212 2799 1333 2877 Castro
1362 2726 1463 2899 laires
1478 2800 1616 2896 'synam
1642 2799 1751 2898 usque
1775 2799 1902 2882 Katlm
1924 2804 1969 2877 ad

600 2949 619 2960 =·
735 2900 1197 3005 iReetn,proertpenl'
1440 2983 1448 2995 ,
1899 2939 1903 2946 ·
2046 2926 2075 2987 ο
2149 2903 2253 3005 10

835 2928 932 3076 ldie
960 2999 1128 3102 Augusti,
1164 2999 1306 3076 Thome
1334 2999 1378 3075 de
1394 2997 1542 3096 Wiglit‚
1571 2996 1700 3074 cokitro
1727 2996 1900 3078 deferenti
1926 2999 1968 3073 li-

733 3090 740 3110 '
785 3099 950 3176 teraa'Re
974 3100 1004 3174 is
1025 3102 1078 3174 -de
1096 3100 1204 3174 Ebor’
1219 3099 1328 3195 usque
1354 3097 1507 3173 Doserr¹
1524 3093 1571 3172 ad
1585 3097 1684 3172 Diam
1700 3097 1901 3176 Robettum
1924 3101 1970 3175 de

736 3280 738 3286 ,
782 3123 995 3300 Burgherlli,
1012 3196 1243 3290 constabula?
1252 3196 1359 3271 ealiri
1376 3197 1520 3284 ibidem,
1548 3220 1616 3293 pro
1631 3193 1776 3291 expens'
1792 3197 1898 3292 sula·
2046 3222 2073 3281 0
2143 3212 2170 3307 ‘3
2222 3203 2256 3298 fl

781 3324 880 3472 aar
894 3295 1393 3494 dilatastis
1407 3293 1968 3508 lttstzsfririlzral'l
2170 3435 2176 3448 .

1396 3447 1408 3484 ,
2044 3457 2047 3462 .

782 3498 959 3570 redeundo
2044 3497 2070 3575 ὁ
2143 3524 2169 3604 3
2218 3512 2255 3597 Q

736 3597 739 3602 '
831 3595 949 3667 Willo
983 3595 1017 3665 le
1050 3592 1177 3683 Clerk‚
1213 3590 1294 3668 cols’
1321 3588 1434 3667 defer’
1460 3591 1576 3665 literas
1608 3589 1686 3664 Dfii
1715 3593 1781 3668 W.
1808 3593 1854 3670 de
1882 3593 1968 3671 Bed'

697 3693 742 3798 'a
782 3692 867 3862 Plio
896 3691 1000 3767 Rada
1034 3693 1078 3769 de
1106 3694 1254 3765 Manton
1284 3712 1352 3786 pro
1383 3689 1531 3787 negotiis
1557 3690 1683 3790 Regis,
1719 3714 1784 3788 pto
1819 3695 1967 3794 expens'

797 3814 850 3863 urs
2248 3809 2252 3816 '

734 3966 740 3977 ,
831 3889 916 3968 Dfio
932 3887 1091 3963 Henrico
1108 3889 1152 3962 de
1170 3886 1381 4004 Sandwyco,
1409 3888 1590 3987 capellano
1603 3887 1678 3962 Dii
1696 3888 1799 3987 Joliis
1813 3890 1859 3966 de
1873 3891 1968 3968 Dro-
2043 3814 2071 3871 ο
2147 3800 2166 3875 ¹
2219 3817 2253 3895 α’

735 4047 739 4063 .
771 3986 983 4079 ,kenesforss
1008 4004 1075 4084 pro
1103 3986 1250 4083 expens'
1277 3985 1488 4063 diversorum
1517 3990 1723 4063 nunciorum
1753 3991 1966 4088 portantium

735 4068 761 4230 Ι
782 4089 895 4161 literas
923 4085 1074 4185 ejusdem
1092 4085 1172 4162 ¹Drii
1189 4083 1288 4179 Johis
1303 4087 1349 4159 ad
1366 4086 1498 4161 diversa
1513 4086 1592 4162 loca
1609 4110 1674 4183 per
1696 4086 1844 4163 diversas
1861 4091 1966 4180 sices,

783 4187 951 4259 mensibus
972 4186 1055 4277 Julii
1074 4204 1109 4260 et
1127 4183 1293 4285 Augusti,
1321 4183 1410 4258 ficut
1437 4201 1537 4283 pater
1563 4209 1627 4283 per
1648 4181 1967 4290 compotum'ejul·

782 4287 860 4358 dem
879 4283 1114 4358 DfiiHenrici
2045 4302 2070 4356 0
2123 4306 2168 4382 19
2220 4287 2250 4362 8

741 4448 744 4454 .
838 4407 879 4480 15
909 4386 964 4456 die
994 4382 1200 4472 Novembr',
1230 4381 1351 4455 Niclio
1371 4383 1487 4456 Mewe
1510 4382 1611 4457 nunc’
1627 4384 1766 4481 Regine
1794 4380 1963 4462 defer’li·

741 4459 764 4926 Ι
783 4499 872 4555 teras
891 4483 993 4578 Regis
1011 4483 1095 4556 Dio
1112 4485 1161 4555 R.
1180 4483 1224 4555 de
1239 4484 1398 4569 Manton,
1420 4506 1492 4577 ,pro
1504 4485 1649 4577 expenl'
1665 4481 1732 4557 luis
2041 4503 2067 4557 0
2141 4503 2164 4578 ς
2217 4507 2267 4561 ο·

739 4273 745 4292 ι’

744 4655 749 4664 ,
836 4605 877 4675 ¹3
897 4579 953 4655 die
970 4581 1077 4666 Nov',
1103 4580 1217 4654 Willo
1245 4583 1289 4654 de
1307 4580 1482 4670 Alkham,
1506 4584 1637 4656 nuncio
1659 4580 1826 4658 deferenti
1847 4582 1962 4659 literas

783 4681 894 4779 Regis
914 4679 999 4755 Diio
1026 4677 1069 4751 P.
1086 4679 1129 4752 de
1150 4679 1357 4774 Wilughby,
1382 4677 1468 4753 Dio
1493 4681 1649 4756 Guidoni
1678 4679 1795 4773 Ferre,
1820 4679 1962 4758 Thome
2197 4730 2208 4736 -

641 4805 644 4812 ·
783 4781 826 4851 de
853 4781 1018 4875 Legoure
1036 4778 1323 4872 etPhoMartet,
1348 4802 1413 4873 pro
1431 4784 1581 4875 expetis
1599 4782 1665 4855 iuis
2039 4794 2069 4870 ,ο
2142 4778 2165 4853 6
2219 4779 2249 4858 8

834 4877 965 4950 Eodem
988 4876 1042 4949 die
1059 4877 1181 4951 Rolito
1209 4878 1251 4951 de
1283 4880 1447 4972 Skipton‚
1478 4877 1556 4954 colt'
1574 4877 1681 4952 defer'
1710 4879 1825 4954 literas
1854 4879 1962 4979 Regis

784 4976 868 5048 Diio
887 4977 1010 5049 Robto
1027 4978 1070 5048 de
1089 4975 1255 5075 Hastang,
1279 4976 1417 5063 seniori,
1433 5002 1496 5072 pro
1512 4980 1659 5075 expenl'
1677 4979 1741 5052 luis
1785 5032 1790 5040 ·
2041 4995 2067 5047 0
2142 4999 2164 5050 a
2216 4999 2248 5053 ο

671 5085 675 5091 ’
839 5094 880 5169 17
912 5075 966 5146 die
994 5076 1200 5164 Novembr',
1234 5077 1370 5149 Thome
1402 5078 1451 5152 lil'
1479 5078 1586 5150 Alani
1618 5081 1662 5152 de
1688 5079 1870 5174 Appelby,
1902 5079 1962 5152 de·

780 5170 846 5344 {er'
876 5173 989 5246 literas
1021 5172 1130 5269 Regis
1158 5172 1243 5249 Dtio
1276 5175 1361 5267 Jolii
1396 5177 1441 5250 de
1477 5178 1675 5273 Langeton,
1717 5203 1782 5276 pro
1816 5174 1962 5275 expenl’

795 5296 847 5344 urs
1254 5296 1259 5305 ·
2043 5298 2069 5352 ο
2146 5296 2162 5349 1
2217 5293 2251 5354 Ι

834 5371 877 5444 18
904 5367 960 5442 die
987 5369 1195 5462 Novembr',
1222 5372 1336 5445 Willo
1355 5372 1399 5447 de
1415 5374 1591 5469 Wynt0n‚
1613 5375 1693 5448 cok’
1719 5374 1829 5450 delet’
1845 5374 1963 5450 literas

780 5461 928 5568 ejusdem
941 5469 1137 5569 RegisDt‘ao
1154 5470 1278 5547 Rotto
1295 5472 1369 5545 lilio
1384 5472 1526 5572 Pagani,
1541 5476 1703 5554 Roberto
1719 5478 1762 5550 de
1779 5475 1813 5551 la
1829 5477 1964 5552 Warde

1927 5592 1964 5653 ei
