5375 6667
389 621 466 743 ἰφ
758 594 1872 723 r'rrr-'nusrs'nuttcronutu,ae.¹
1928 633 1930 640 ·
1996 742 1999 747 ³
2072 743 2107 758 ,Ι

706 815 712 826 ’
804 838 926 911 Tertio
942 839 998 911 die
1016 835 1116 921 Maii,
1147 834 1323 911 Wiltode
1342 836 1474 932 Alpele
1502 834 1581 909 colt'
1607 833 1716 907 defet'
1740 809 1853 907 literas
1871 833 1943 908 Re·
2024 834 2053 910 l.
2101 838 2131 913 ii.
2191 840 2232 919 ἃ.

756 936 807 1032 gis
826 939 908 1010 Dito
926 937 1009 1029 Jolr'i
1023 940 1066 1008 tle
1086 934 1210 1024 Drok',
1232 960 1297 1030 pro
1312 936 1465 1029 expens’t
1479 935 1544 1007 suis
1648 995 1653 1003 .
2024 960 2048 1006 0
2124 962 2147 1014 2
2199 968 2227 1019 0

726 1003 735 1139 Ι
804 1038 942 1132 Qtarto
968 1039 1021 1107 die
1053 1032 1154 1120 Maii,
1183 1034 1318 1107 cuidam
1347 1032 1427 1109 cok'
1446 1033 1557 1106 deler'
1577 1032 1690 1106 literas
1715 1029 1790 1108 Dfii
1819 1031 1863 1105 E·
1880 1031 1944 1107 filii

726 1133 865 1305 'Regis
885 1136 968 1207 Dno
985 1136 1047 1204 W.
1065 1134 1108 1204 de
1125 1132 1308 1232 Bliburg0‚
1335 1159 1399 1230 pro
1417 1132 1645 1228 expens'suis
2022 1157 2046 1208 0
2126 1158 2141 1213 1
2197 1164 2225 1219 ς

808 1254 827 1327 5
860 1233 915 1303 die
946 1234 1044 1319 Maii,
1085 1234 1246 1304 Waltero
1280 1230 1448 1329 Tropinel
1490 1232 1615 1303 nuntio
1655 1229 1728 1302 Diri
1761 1230 1862 1325 Johis
1899 1232 1944 1306 de

757 1332 878 1402 Saudo
895 1330 975 1423 lolii
994 1331 1146 1402 redeunti
1172 1332 1213 1403 ad
1240 1331 1386 1402 eundern
1405 1328 1594 1403 Dominum
1621 1329 1719 1402 suurn
1736 1352 1817 1408 cum
1834 1330 1941 1404 ll‘leris

592 1513 597 1524 ¹
713 1432 883 1524 ·Regis‚
913 1455 977 1524 pro
995 1426 1225 1522 expens’suis
1244 1430 1287 1501 stc
1304 1430 1481 1501 redeundo
2021 1457 2046 1507 0
2121 1456 2146 1533 3
2195 1455 2225 1513 ο

608 1531 611 1538 ’
805 1529 909 1600 odie
928 1529 1029 1610 Maii,
1059 1526 1175 1599 Willo
1203 1528 1248 1600 de
1266 1525 1379 1598 Atston
1406 1525 1516 1599 defer'
1540 1526 1652 1598 literas
1681 1527 1755 1599 Dfii
1775 1525 1868 1602 Rari
1895 1527 1940 1601 de

755 1628 900 1698 Manton
929 1626 1001 1697 Diii
1032 1624 1113 1718 Jolti
1136 1628 1180 1698 de
1200 1625 1313 1698 Drolt'
1330 1622 1621 1723 custodi'garrler’
1645 1625 1762 1723 Regis,
1793 1650 1858 1718 pro
1882 1651 1939 1699 ne·

752 1725 854 1821 gotiis
873 1725 973 1819 ipsius
991 1726 1112 1821 Regis,
1139 1750 1204 1821 pro
1222 1725 1350 1820 expeu'
1368 1725 1432 1797 luis
1452 1726 1567 1798 eundo
1594 1748 1671 1796 curn
1698 1722 1879 1816 festinaer'ie
1904 1744 1938 1799 et

753 1824 1130 1916 prohalten’conduc'
1179 1899 1185 1909 ,
1439 1899 1442 1904 ,
2015 1858 2043 1913 0
2116 1864 2140 1941 5
2191 1866 2222 1924 ο

718 1926 735 2080 r
803 1943 823 2016 5
852 1924 908 1993 die
941 1919 1046 2009 Maii,
1067 1922 1202 1994 notro
1229 1920 1381 2020 Direlyn
1415 1919 1552 1996 nlliario
1586 1920 1744 2013 scaccar’,
1778 1920 1933 1995 redeunti

752 2021 793 2089 ad
825 2022 921 2091 Dfitn
938 2021 1139 2114 Philippum
1156 2023 1200 2092 de
1220 2021 1425 2117 Wylughby
1444 2022 1573 2095 tenent'
1592 2024 1709 2096 locum
1725 2018 1838 2094 Thel'
1853 2045 1932 2095 cunr

664 2152 669 2159 ·
718 2085 855 2237 'literis
875 2121 977 2216 Regis
995 2144 1071 2189 cum
1089 2119 1217 2191 summa
1234 2118 1469 2204 festinacione,
1501 2145 1566 2216 pto
1583 2122 1708 2218 expen'
1722 2118 1788 2191 suis
2010 2161 2034 2212 0
2110 2138 2132 2212 6
2185 2144 2218 2217 ς

797 2216 1007 2308 Οᾷττορἰ
1032 2220 1132 2303 lllaii,
1163 2220 1306 2313 Hugoni
1329 2219 1373 2291 de
1391 2219 1565 2315 Whiteby
1594 2220 1723 2293 nuncio
1751 2215 1866 2292 defer’
1890 2217 1931 2290 li·

715 2242 728 2391 Ι
747 2336 835 2388 teras
859 2315 960 2411 Regis
978 2318 1044 2389 ric’
1063 2316 1180 2390 Norff’
1196 2340 1231 2390 et
1249 2316 1341 2391 Snff’
1358 2338 1394 2392 et
1420 2318 1550 2391 balliro
1578 2321 1621 2392 de
1637 2314 1835 2409 Worllede,
1861 2341 1929 2414 pro

747 2416 872 2509 expen'
891 2416 958 2488 suis
976 2416 1087 2489 eundo
1106 2435 1141 2489 et
1157 2416 1333 2490 redeundo
2007 2454 2032 2504 0
2105 2461 2214 2517 010

794 2512 923 2586 Eodem
944 2512 1500 2599 die,Rioowaste1’cok’defer’
1524 2513 1639 2587 literas
1660 2512 1765 2610 Regis
1788 2515 1929 2589 ballivis

744 2614 786 2683 de
806 2610 967 2685 Causton’
984 2635 1018 2685 et
1038 2615 1082 2687 de
1099 2618 1215 2710 Burgo
1232 2613 1266 2688 in
1284 2616 1375 2687 com’
1389 2611 1524 2705 Norff',
1537 2636 1603 2707 pro
1619 2615 1747 2709 expen’
1764 2610 1830 2688 suis
1841 2638 1929 2689 eun·
1982 2638 1985 2644 ·

745 2714 792 2783 do
809 2730 843 2783 et
861 2713 1037 2786 redeundo
2007 2754 2032 2805 0
2106 2757 2130 2809 ο
2182 2737 2215 2813 6

792 2808 913 2884 Tertio
942 2814 997 2886 die
1017 2810 1120 2901 Maii,
1158 2812 1240 2908 Johi
1272 2815 1317 2887 de
1346 2810 1491 2884 Brehull
1527 2814 1632 2884 nunc¹
1670 2808 1775 2885 defer’
1809 2813 1928 2888 literas

743 2907 822 2982 Diie
840 2911 978 3007 Regiae
1003 2911 1138 2993 diversas
1166 2911 1383 3007 magnatibus
1412 2909 1569 3000 Francie,
1598 2933 1665 3008 pro
1694 2912 1818 3006 expen’
1843 2910 1925 3003 suis,
2092 2957 2095 2963 ·

741 3031 804 3102 per
824 3033 943 3083 manus
959 3010 1113 3106 Magistri
1134 3012 1236 3084 Willi
1254 3013 1297 3084 de
1315 3010 1452 3105 Chesoy
1470 3011 1581 3082 Tltel’
1598 3010 1699 3106 ipfius
1718 3011 1857 3109 Regiae
2006 3046 2023 3097 1
2099 3051 2125 3103 0
2175 3053 2212 3107 α

429 3117 473 3194 Ρ,
489 3121 575 3200 226,
788 3105 927 3182 Ostavo
952 3110 1009 3184 die
1032 3109 1132 3197 Maii,
1162 3112 1242 3185 Ade
1259 3115 1293 3182 le
1317 3108 1418 3181 Gaite
1445 3107 1601 3203 garcioni
1619 3108 1691 3179 Dfii
1708 3106 1853 3183 Roberti
1877 3111 1923 3184 de

718 3204 877 3300 'Burghs
911 3210 1070 3281 redeunti
1105 3210 1148 3281 ad
1177 3210 1323 3283 eundem
1351 3207 1542 3286 Dominum
1572 3205 1670 3281 suurn
1698 3230 1779 3281 cum
1816 3208 1924 3283 literis

736 3303 857 3401 Regis,
882 3329 946 3402 pro
959 3304 1114 3403 expenfis
1130 3306 1195 3382 suis
1210 3308 1252 3380 stc
1265 3308 1442 3381 redeundo
2000 3347 2025 3396 0
2103 3346 2119 3399 t
2174 3351 2210 3403 ο,

785 3404 890 3478 Nono
906 3408 962 3479 die
981 3408 1080 3491 Maii,
1105 3406 1185 3501 Jol'ri
1203 3405 1371 3504 Whiting
1396 3404 1565 3481 deferenti
1586 3404 1703 3480 literas
1720 3404 1827 3506 Regis
1851 3404 1929 3498 tie'⁴

716 3500 854 3597 ,Norff'
871 3524 905 3577 et
922 3504 1029 3593 Suff'‚
1055 3529 1120 3597 pro
1137 3507 1261 3601 expen’
1278 3507 1344 3579 luis
1802 3504 1806 3510 ’
1996 3543 2022 3594 0
2096 3545 2121 3594 0
2173 3525 2213 3600 6.

791 3623 835 3673 to
852 3604 906 3673 die
925 3602 1030 3690 Maii,
1053 3602 1215 3676 Guilloto
1242 3605 1286 3675 de
1304 3601 1458 3698 Alklram
1485 3601 1656 3678 deferenti
1682 3603 1794 3677 literas
1812 3603 1919 3703 Regis

735 3698 863 3772 ball'rno
881 3699 1059 3773 libertatas
1077 3698 1241 3797 Episcop’
1257 3702 1398 3797 Elyen',
1423 3727 1489 3800 pro
1506 3701 1654 3797 expenl'
1668 3699 1735 3775 suis
1997 3739 2022 3789 0
2097 3744 2122 3793 0
2150 3745 2200 3799 10

784 3796 916 3872 Eodem
946 3798 1012 3884 die,
1040 3799 1233 3874 Willielmo
1259 3802 1408 3874 Fuatard
1438 3800 1548 3874 defer’
1579 3802 1691 3872 literas
1719 3801 1825 3901 Regis
1851 3801 1919 3875 Ile·

716 3894 815 3993 ·gine
833 3918 870 3986 et
886 3898 1048 3993 magistro
1068 3899 1214 3972 Willnrn
1230 3902 1274 3973 de
1293 3900 1435 3994 Chesey‚
1461 3924 1524 3997 pro
1540 3895 1688 3992 expenl'
1704 3898 1770 3971 suis
1997 3935 2023 3985 0
2099 3940 2114 3989 r
2170 3942 2214 3991 ο,

786 4001 825 4068 1'1
847 3997 904 4070 die
922 3998 1019 4087 Maii,
1045 4021 1150 4092 parto
1167 3998 1251 4090 Jolri
1275 4001 1318 4073 de
1343 3999 1547 4096 Appelwylt
1572 3996 1679 4070 deler'
1702 3996 1816 4073 literas
1840 3999 1914 4073 Diri

734 4097 824 4168 Radi
843 4096 887 4168 de
902 4097 1048 4171 Manton
1065 4097 1231 4171 Waltero
1248 4099 1289 4171 de
1303 4098 1521 4192 Bedewynde
1992 4131 2031 4180 ο»
2092 4137 2115 4185 0
2171 4117 2212 4190 8.

702 4128 713 4269 Ι
780 4195 912 4267 Eodem
930 4197 999 4281 die,
1032 4195 1285 4281 Mosenuncio
1302 4195 1413 4270 defer’
1439 4198 1555 4270 literas
1575 4195 1681 4293 Regis
1706 4192 1791 4267 D'rio
1813 4194 1850 4287 J.
1864 4196 1909 4269 de

700 4278 933 4431 '‘Berewyoo,
951 4317 1017 4389 pro
1035 4294 1180 4387 expens'
1198 4296 1265 4368 luis
1282 4299 1398 4370 eundo
1414 4314 1449 4366 et
1465 4296 1639 4368 redeundo
1991 4329 2015 4379 0
2066 4300 2074 4316 '
2090 4332 2113 4408 5
2165 4336 2192 4387 0

779 4393 910 4465 Eodem
928 4393 997 4482 die,
1027 4391 1117 4467 Ri'c'o
1128 4394 1260 4465 Wastel
1280 4394 1359 4467 cok’
1376 4392 1559 4469 deferenti*
1570 4395 1682 4465 literas
1698 4390 1808 4487 Regis
1824 4389 1909 4467 Duo

699 4435 1044 4585 'J.deBenellede‚
1073 4491 1382 4588 proexpens'suis
1988 4524 2013 4574 0
2089 4532 2109 4582 2
2163 4534 2204 4583 ο,

733 4594 737 4602 ’
778 4589 909 4662 Eodetn
929 4590 998 4675 die,
1022 4589 1188 4665 Galfrido
1205 4590 1335 4680 nuncio
1355 4592 1501 4685 Regine,
1525 4590 1684 4663 redeunti
1702 4591 1744 4663 ad
1762 4591 1908 4664 eandem

727 4686 1115 4761 Dominam-suamcum
1134 4689 1237 4763 literis
1253 4689 1370 4786 Regis,
1382 4690 1685 4785 prooxpenlrssuis
1987 4725 2010 4773 0
2085 4723 2109 4799 5
2161 4729 2189 4780 0

782 4810 824 4876 ¹2.
843 4787 899 4872 die
928 4787 1028 4882 Maii,
1054 4790 1214 4874 Guilloto
1242 4791 1286 4867 de
1305 4791 1460 4862 Alkharn
1487 4788 1649 4864 deferenti
1672 4790 1782 4861 literas
1799 4788 1907 4884 Regis

728 4886 903 4980 Episcopo
920 4889 1093 4980 Wynton‚
1108 4907 1141 4961 et
1158 4890 1231 4962 aliis
1248 4885 1378 4963 nunciis
1396 4887 1497 4961 miffis
1513 4889 1553 4960 ad
1572 4888 1701 4961 curiam
1713 4891 1903 4961 Romanam
1962 4891 1967 4898 ’

727 5005 789 5079 per
805 4985 1030 5081 Regem‚pr0
1043 4988 1282 5083 expensassuis
1295 4991 1410 5061 eundo
1428 5010 1461 5060 et
1479 4990 1655 5060 redeundo
1773 5073 1776 5078 .
1982 5021 2005 5068 0
2061 5023 2103 5098 ¹3
2157 5026 2194 5095 4

774 5081 906 5156 Eodem
929 5087 997 5180 die,
1026 5089 1140 5170 Piacle,
1166 5088 1294 5173 nuncio
1320 5088 1430 5166 deler'
1458 5090 1577 5171 literas
1606 5086 1709 5179 Regis
1728 5083 1910 5181 Episcopo
2299 5165 2315 5176 ,

724 5178 900 5268 Vincent',-
921 5185 1005 5256 Dato
1022 5188 1054 5277 J.
1071 5188 1115 5256 de
1133 5187 1245 5258 Drok’
1265 5206 1301 5259 et
1318 5183 1398 5262 Ade
1418 5183 1622 5269 Antilabro,
1653 5209 1719 5279 pro
1737 5186 1816 5279 exp’
1834 5187 1901 5258 suis
1981 5217 2004 5264 0
2079 5218 2101 5269 2
2152 5221 2181 5269 0

684 5232 703 5354 i
774 5281 903 5367 Eodem
933 5283 1000 5368 die,
1045 5285 1211 5380 Whiting
1228 5284 1319 5370 ¹colt’
1348 5286 1516 5361 deferenti
1541 5283 1656 5361 literas
1686 5282 1791 5383 Regis
1818 5282 1899 5378 Jolti

689 5358 1282 5521 lBotetonrte‚'proexpenl’lrris
1847 5479 1882 5553 di
1979 5413 2004 5463 o
2083 5418 2097 5467 r
2151 5420 2184 5488 4

819 5497 844 5557 a
1786 5502 1828 5578 13
1882 5504 1903 5555 e
